2166 3084
1053 128 1110 167 26

190 263 297 312 optici
330 262 476 297 lacunar
508 259 649 295 abeant.
705 257 786 295 Tali
812 256 921 294 modo
950 263 1064 293 totam
1090 262 1230 305 partem
1257 253 1411 292 mediam
1438 254 1615 304 parietum
1645 254 1810 291 cerebelli
1839 266 1968 303 corpo-

188 330 289 366 ribus
324 325 586 363 restisormibus
616 324 833 361 conformari
860 323 1045 366 videmus,
1082 322 1190 359 ambo
1219 322 1373 371 parietes
1401 321 1567 358 laterales
1596 321 1769 357 fibrarum
1796 320 1968 356 fasciculo

190 395 407 436 efficiuntur,
445 393 506 441 qui
540 403 639 428 more
677 390 863 427 columnae
898 391 934 426 iu
970 389 1103 439 quovis
1138 389 1249 425 latere
1284 401 1331 425 ex
1367 387 1492 424 mediis
1521 386 1686 423 funiculis
1714 386 1971 436 principalibus

188 460 365 498 medullae
395 459 611 507 oblongatae
641 458 814 506 originem
842 456 949 493 ducit.
1004 456 1202 504 Utrumque
1231 455 1451 498 fasciculum,
1481 454 1511 491 si
1538 454 1717 490 intuemur
1746 451 1971 495 cerebellum,

190 540 219 564 e.
239 539 290 576 gr.
311 526 460 574 Scymni
478 525 613 568 lichiac,
643 525 773 573 quovis
794 524 829 560 in
854 522 965 559 latere
992 534 1183 571 assurgere
1204 521 1381 565 videmus,
1408 521 1524 570 iisque
1544 519 1770 563 cerebellum,
1799 525 1973 567 tanquam

189 593 334 643 petiolo,
363 592 493 628 insidet
504 589 537 636 ¹).
592 591 764 628 Interiora
793 589 957 627 cerebelli
986 601 1078 626 cava
1106 595 1199 631 sunt,
1233 594 1267 624 et
1296 588 1461 624 cavitatis
1490 587 1607 623 forma
1636 586 1682 623 ad
1711 587 1786 634 ejus
1815 585 1972 634 parietes

191 659 499 701 accommodatum
535 657 754 706 amplissima
789 668 942 705 superne
972 662 1045 699 est,
1080 655 1205 691 subter
1232 655 1408 696 lacunari,
1437 655 1690 703 angustissima
1722 652 1875 694 inferne,
1910 651 1973 687 ubi

191 739 296 763 crura
331 725 602 766 adscendentia,
646 737 664 760 e
708 723 921 772 corporibus
955 722 1219 758 restiformibus
1255 721 1536 769 proficiscentia,
1579 732 1659 756 cum
1693 719 1735 755 iis
1769 725 1974 755 antrorsum

192 792 507 833 descendentibus,
538 803 630 839 quae
660 802 704 826 ex
734 790 894 825 lacunari
923 788 1088 825 cerebelli
1116 788 1150 823 in
1179 787 1326 823 lacunar
1353 787 1522 823 loborum
1552 787 1752 835 opticorum
1780 785 1974 821 transitura

191 866 290 902 sunt,
326 870 440 907 paene
478 862 681 893 contactum
718 856 849 892 ineunt.
907 855 984 902 Quo
1020 854 1153 890 Isthmo
1191 854 1297 890 etiam
1333 852 1499 890 cerebelli
1537 865 1667 889 cavum
1697 852 1864 889 cohaeret
1893 864 1973 888 cum

191 926 310 968 ductu,
340 937 446 973 quem
476 923 715 972 aquaeductui
736 921 854 971 Sylvii
880 921 1118 970 aequiparare
1144 931 1350 969 possumus,
1381 921 1551 968 quoniam
1578 932 1596 956 e
1623 925 1753 968 quarto
1773 918 1973 956 ventriculo

192 992 317 1029 subter
346 990 559 1028 cerebellum
588 990 623 1026 in
651 989 818 1026 loborum
849 988 1049 1037 opticorum
1080 1000 1211 1025 cavum
1240 987 1444 1036 porrigitur.

866 1115 1299 1157 Mesencephalon.

326 1191 404 1227 Hoc
438 1190 579 1226 nomine
607 1189 729 1226 varias
760 1188 944 1238 encephali
971 1195 1092 1238 partes
1122 1187 1405 1236 complectimur,
1441 1197 1534 1234 quae
1562 1186 1692 1234 partim
1720 1186 1755 1221 in
1785 1185 1969 1233 superiore

191 1258 321 1306 partim
356 1258 391 1293 in
429 1257 594 1293 inferiore
627 1257 702 1304 ejus
730 1256 821 1293 facie
851 1256 1127 1304 conspiciuntur,
1157 1261 1193 1291 at
1222 1266 1369 1290 seorsae
1398 1265 1468 1289 non
1498 1253 1590 1289 bene
1620 1252 1799 1288 aestimari
1829 1257 1973 1300 queunt.

190 1324 228 1361 In
258 1324 442 1372 superiore
471 1323 560 1359 facie
590 1322 661 1358 duo
692 1329 775 1358 Sunt
802 1322 877 1358 lobi
906 1328 1036 1358 teretes
1066 1328 1147 1358 ante
1179 1320 1405 1363 cerebellum,
1436 1319 1509 1355 lobi
1540 1319 1646 1367 optici
1672 1318 1883 1367 plerumque
1913 1330 1973 1365 ap-

192 1387 372 1439 pella1i2),
408 1390 443 1426 iu
472 1390 562 1426 facie
590 1389 757 1426 inferiore
785 1388 861 1424 lobi
888 1388 1092 1431 inferiores,
1120 1387 1367 1436 hypophysis,
1397 1398 1523 1423 saccus
1552 1385 1783 1428 vasculosus,
1818 1384 1975 1420 chiasma

193 1469 387 1493 nervorum
418 1457 618 1505 opticorum
635 1453 670 1501 3).

922 1571 1047 1606 Lohi
1084 1571 1247 1614 omici-

327 1656 407 1692 Duo
444 1662 526 1691 sunt
561 1654 635 1690 lobi
673 1655 820 1703 oblongi
857 1661 892 1691 et
926 1653 1136 1697 obrotundi,
1174 1664 1316 1701 semper
1345 1652 1470 1688 subter
1500 1651 1676 1688 cerebello
1705 1650 1828 1699 positi,
1868 1661 1975 1697 saepe

193 1735 282 1760 vero
313 1729 517 1758 antrorsum
544 1721 685 1770 longius
714 1721 870 1770 porrecti
899 1720 1084 1757 cerebello.
1132 1719 1238 1768 Apud
1268 1730 1445 1767 quaenam
1474 1730 1606 1766 genera
1634 1717 1668 1754 id
1694 1718 1814 1753 locum
1833 1716 1975 1758 habeat,

192 1789 227 1825 in
258 1789 442 1837 superiore
471 1789 585 1837 capite
615 1788 777 1836 exposui.
822 1786 1028 1836 Amplitudo
1059 1798 1193 1829 eorum,
1223 1786 1253 1822 si
1282 1785 1409 1834 reliqui
1439 1784 1622 1833 encephali
1650 1784 1823 1820 rationem
1851 1782 1975 1825 habes,

194 1855 280 1892 satis
317 1862 485 1892 constans
522 1862 593 1898 est,
630 1867 742 1903 quare
771 1854 900 1891 Gotts
912 1853 997 1890 chii
1033 1852 1224 1895 sententia,
1267 1851 1435 1887 loborum
1473 1852 1673 1900 opticorum
1709 1850 1755 1886 ad
1791 1849 1976 1886 oculorum

193 1922 473 1970 magnitudinem
510 1921 745 1964 conformari,
781 1920 825 1957 de
860 1920 957 1957 hisce
996 1919 1340 1968 Chondropterygiis
1378 1917 1552 1955 vindicari
1581 1924 1745 1965 nequeat.
1800 1916 1927 1953 Fibras
1957 1928 1977 1952 e

195 1990 408 2037 corporibus
444 1988 707 2025 restisormibus
745 1988 1012 2035 proficiscentes
1051 1993 1084 2022 et
1118 1987 1153 2021 in
1192 1985 1356 2021 cerebelli
1390 1984 1536 2021 lacunar
1565 1989 1790 2020 transeuntes
1820 1982 1901 2018 inde
1931 1981 1977 2018 ad

194 2055 362 2092 loborum
393 2055 593 2103 opticorum
621 2054 768 2090 lacunar
796 2053 972 2101 protendi,
1004 2064 1112 2100 supra
1140 2051 1307 2087 vidimus.
1352 2051 1448 2098 Quae
1476 2050 1587 2086 fibrae
1609 2050 1643 2085 in
1663 2048 1860 2085 formandis
1880 2048 1976 2084 hisce

194 2121 288 2158 lobis
324 2121 539 2170 adjuvantur
570 2120 665 2163 aliis,
702 2132 747 2156 ex
784 2119 909 2155 mediis
938 2118 1103 2155 funiculis
1132 2117 1307 2154 medullae
1337 2116 1553 2165 oblongatac
1581 2115 1868 2164 procedentibus.
1923 2115 1977 2151 In-

194 2189 329 2225 teriora
363 2188 530 2224 loborum
561 2188 761 2236 opticorum
791 2198 882 2223 cava
911 2197 990 2222 esse
1021 2186 1169 2227 scimus,
1204 2196 1399 2232 eorumque
1430 2196 1561 2220 cavum
1590 2182 1681 2218 duos
1711 2181 1820 2218 habet
1848 2181 1976 2224 aditus,

196 2255 347 2291 alterum
375 2255 629 2303 posteriorem,
667 2253 931 2302 aquaeductum
961 2252 1079 2301 Sylvii
1095 2248 1138 2297 ⁴),
1175 2251 1235 2300 qui
1265 2263 1310 2287 ex
1340 2256 1469 2298 quarto
1498 2248 1698 2286 ventriculo
1728 2248 1852 2284 subter
1881 2260 1976 2284 cere-

195 2320 329 2357 bellum
357 2321 427 2357 huc
454 2321 586 2369 pergit,
615 2320 765 2357 alterum
794 2320 1019 2363 anteriorem,
1049 2331 1094 2355 ex
1124 2318 1280 2355 adversa
1310 2324 1411 2366 parte
1442 2316 1696 2357 decurrentem,
1727 2314 1770 2350 de
1794 2326 1865 2362 quo
1885 2313 1977 2349 infra

195 2387 299 2436 plura
328 2387 454 2424 dicturi
483 2399 617 2423 sumus.

332 2454 462 2490 Ablata
491 2454 675 2502 superiore
704 2453 871 2489 loborum
902 2453 1102 2501 opticorum
1130 2458 1248 2500 parte,
1283 2450 1319 2486 id
1350 2448 1447 2498 quod
1475 2449 1510 2485 in
1540 2448 1629 2485 Tab.
1658 2448 1710 2484 ΙΙΙ.
1753 2447 1811 2496 fig.
1842 2450 1863 2482 7
1894 2458 1977 2483 con-

198 2520 360 2568 spicitur,
402 2521 437 2556 in
471 2520 583 2556 fundo
619 2520 700 2557 cavi
736 2520 960 2563 eminentias,
1004 2531 1097 2567 quae
1134 2517 1229 2566 apud
1259 2516 1469 2554 Teleosteos
1505 2515 1744 2563 reperiuntur,
1784 2513 1978 2550 desiderari

338 2632 359 2693 ἑ)
392 2634 467 2718 a·
493 2635 529 2718 a

340 2690 362 2779 2>
393 2700 469 2771 Tib:
495 2712 538 2771 111:
579 2699 628 2782 sig:
656 2740 674 2771 2
696 2698 721 2777 ῖς
864 2746 892 2771 et
915 2739 964 2782 fig.
991 2737 1010 2770 6
1035 2738 1065 2769 Α..

340 2791 362 2831 ⁴)
393 2793 468 2824 Tab.
494 2793 515 2824 I.
556 2793 604 2835 fig.
631 2791 652 2823 4
677 2803 715 2823 m.
