2166 3084
1071 124 1126 163 17

203 265 337 291 nervos
375 254 513 302 opticos
550 266 596 290 ex
632 253 673 289 iis
708 252 903 302 procedere
939 252 1063 296 tradit,
1100 253 1161 301 qui
1189 253 1283 289 funis
1313 254 1513 290 transversi
1541 255 1653 291 instar
1680 255 1772 291 inter
1801 255 1986 292 oculorum

202 320 336 356 bulbos
374 321 444 356 sint
477 321 616 356 extensi
644 319 826 368 modoque
855 318 973 355 media
1000 325 1103 367 parte
1139 319 1349 356 eminentiae
1383 320 1607 357 mammillari
1635 321 1744 358 affixi.
1802 322 1986 358 Chondro-

202 387 453 435 pterygiorum
483 386 695 435 encephala,
731 385 775 422 de
805 386 936 434 quibus
965 385 1127 422 breviter
1156 386 1320 434 exponit,
1357 386 1481 435 Scyllii
1510 393 1544 423 et
1571 387 1683 435 Rajae
1713 395 1804 424 sunt.

338 452 489 499 Bailly
501 448 523 497 ¹)
552 452 643 488 inter
664 452 1021 500 Chondropterygios
1052 451 1224 499 Scyllium
1248 452 1415 496 catulum,
1437 453 1612 502 Squalum
1632 453 1838 498 caniculam,
1870 455 1986 503 Squa-

200 519 275 555 lum
304 519 518 567 squatinam,
547 518 673 565 Rajam
702 519 933 566 pastinacam,
962 517 1216 561 Rhinobatum,
1246 519 1476 555 examinavit.
1530 519 1724 556 Medullam
1754 520 1986 569 oblongatam

200 587 236 621 in
272 592 353 621 octo
390 584 567 620 funiculos
604 584 714 620 dilabi
750 584 929 632 perhibet,
966 596 1119 632 quorum
1154 584 1261 621 medii
1296 585 1482 622 inferiores
1512 586 1546 622 in
1576 585 1837 634 hemisphaeria
1866 587 1984 631 (lobes

201 653 433 697 communes),
461 651 628 687 laterales
658 650 844 687 inferiores
874 652 906 686 in
936 650 1112 686 lamellam
1141 652 1316 687 internam
1345 652 1555 689 eminentiae
1579 652 1871 701 quadrigeminae
1901 653 1984 698 (lob.

201 718 339 766 opticos
358 715 399 763 ²),
441 717 607 754 laterales
644 718 847 766 superiores
884 718 919 753 in
957 717 1188 761 cerebellum,
1216 717 1322 754 medii
1360 719 1562 767 superiores
1599 720 1633 754 in
1669 731 1782 767 gyros
1818 720 1983 756 laterales

201 785 424 821 substantiae
453 784 657 820 medullaris
688 787 854 833 (corpora
882 784 1111 829 restisormia)
1140 785 1383 821 terminentur.

336 848 537 896 Serres³)
579 851 712 900 pariter
748 863 789 886 ac
819 850 1092 887 Tiedemann
1134 850 1240 887 lobos
1277 852 1415 900 opticos
1451 852 1602 900 piscium
1640 864 1867 900 synonymos
1905 865 1984 889 esse

200 925 303 967 putat
344 918 526 954 vesiculae
570 918 731 966 corporis
775 917 1035 966 quadrigemini
1078 917 1317 966 embryonum
1354 924 1388 954 et
1422 917 1515 954 lobis
1553 919 1679 967 opticis
1719 919 1841 955 avium
1875 926 1983 967 atque

200 985 388 1033 reptilium.
443 985 582 1021 Primus
619 990 739 1020 autem
776 984 928 1027 exstitit,
965 984 1026 1032 qui
1054 983 1146 1019 hanc
1174 991 1314 1032 partem
1342 984 1597 1032 interpretandi
1626 997 1789 1021 normam
1818 986 1852 1020 in
1881 986 1984 1022 nervi

200 1051 408 1088 trochlearis
440 1051 574 1099 origine
605 1051 715 1093 cerni,
754 1056 940 1086 assereret.
996 1050 1267 1098 Hemisphaeria
1297 1063 1342 1087 ex
1371 1050 1561 1099 glandulae
1589 1051 1738 1099 pincalis
1769 1051 1839 1087 situ
1868 1051 1983 1088 deter-

200 1118 327 1161 minat,
367 1130 475 1166 quam
510 1129 651 1165 semper
684 1117 773 1152 inter
803 1128 845 1152 ea
875 1122 908 1152 et
936 1116 1042 1152 lobos
1073 1117 1211 1165 opticos
1241 1117 1397 1153 residere
1427 1117 1558 1154 debere
1589 1117 1751 1153 affirmat.
1785 1139 1830 1143 —-
1861 1118 1982 1154 Lobos

199 1184 385 1221 inferiores
430 1184 642 1232 corporibus
678 1183 972 1218 mammillaribus
1009 1195 1080 1218 non
1117 1190 1317 1232 comparat,
1356 1184 1488 1232 quippe
1526 1196 1619 1232 quae
1655 1184 1859 1220 hominibus
1897 1184 1981 1220 solis

200 1251 400 1293 adscribat,
437 1250 501 1286 sed
529 1250 752 1285 substantiae
781 1249 941 1285 cinereae
969 1261 1063 1297 pone
1093 1248 1251 1285 chiasma
1280 1250 1409 1293 (tuberi
1440 1251 1603 1295 cinereo).

334 1317 445 1364 Rajae
481 1316 561 1351 rubi
598 1322 632 1352 et
660 1314 855 1352 Acanthiae
892 1315 1029 1351 cerebri
1059 1328 1162 1351 crura
1191 1315 1344 1351 duorum
1373 1316 1539 1352 loboruin
1571 1323 1841 1364 segregatorum
1870 1318 1982 1353 instar

200 1384 404 1426 delineavit,
435 1395 527 1431 quos
557 1380 800 1431 »pedoncules
831 1381 1031 1418 cerebraux
1061 1388 1095 1418 et
1125 1381 1278 1418 couches
1309 1383 1475 1431 optiques
1506 1383 1568 1419 des
1598 1383 1837 1419 mammiscres
1865 1390 1899 1419 et
1919 1383 1981 1419 des

200 1451 374 1486 oiseaux«
399 1448 564 1498 appellat.
602 1448 742 1484 Lobum
764 1460 987 1484 connnuncm
1009 1448 1429 1497 Chondropterygiorum
1455 1449 1503 1485 nil
1522 1450 1589 1485 nisi
1610 1449 1872 1498 hemisphaeria
1892 1462 1981 1493 esse,

197 1516 323 1553 lobum
352 1516 577 1553 olfactorium
596 1514 869 1552 Teleosteorum
897 1515 931 1550 in
957 1514 1109 1550 bulbum
1137 1514 1361 1551 olfactorium
1388 1517 1620 1564 processisse,
1645 1516 1791 1564 judicat.
1826 1516 1981 1552 Bulbum

199 1584 317 1632 ipsum
354 1595 444 1619 vero
485 1581 680 1630 simplicem
710 1581 888 1629 depinxit,
925 1582 1091 1617 nimirum
1121 1581 1351 1625 Carchariae3
1396 1589 1430 1618 et
1458 1583 1579 1619 icones
1610 1583 1768 1618 oninium
1799 1582 1982 1619 Chondro-

197 1650 465 1699 pterygiorum:
494 1648 753 1696 AccipenseriS,
782 1647 892 1695 Rajae
920 1647 1001 1683 rubi
1028 1654 1062 1684 et
1084 1647 1257 1691 clavatae,
1288 1648 1510 1692 Carchariae,
1539 1648 1744 1692 Acanthiae,
1775 1650 1981 1697 Squatinae,

198 1716 293 1753 haud
323 1715 550 1752 mediocriter
580 1720 662 1750 sunt
690 1713 895 1750 mendosae.

333 1780 620 1819 Desmoulins
638 1776 663 1826 ⁴)
694 1792 846 1829 corpora
874 1780 1102 1824 restisormia,
1132 1781 1223 1817 inter
1253 1793 1345 1829 quae
1374 1781 1524 1818 valvula
1553 1788 1721 1830 quartum
1747 1788 1870 1830 tegens
1894 1793 1981 1818 ven-

199 1848 366 1886 triculum
395 1859 557 1895 expansa
586 1853 655 1890 est,
691 1859 762 1882 non
799 1858 864 1894 pro
902 1846 1110 1883 lateralibus
1147 1847 1312 1883 cerebelli
1346 1847 1510 1895 partibus
1545 1847 1671 1891 habet,
1708 1848 1771 1884 sed
1804 1847 1982 1885 medullae

201 1915 418 1963 oblongatae
448 1914 623 1961 assignat;
653 1912 747 1948 idem
776 1913 811 1947 in
840 1919 968 1960 quarto
992 1913 1211 1961 Squalorum
1240 1913 1440 1949 ventriculo
1469 1913 1647 1949 funiculos
1676 1927 1756 1950 cum
1784 1914 1981 1950 tuberculis

200 1980 469 2029 margaritaceis
500 1979 613 2021 novit,
643 1990 735 2027 quos
764 1979 945 2026 Arsaky
974 1978 1082 2014 modo
1113 1979 1209 2027 apud
1239 1979 1466 2015 Carchariam
1494 1979 1601 2023 vidit3
1630 1980 1862 2028 utplurimum
1891 1992 1980 2017 vero

198 2059 370 2097 perverse
400 2057 462 2082 eos
493 2045 695 2081 delineavit.
745 2045 889 2081 Cerebri
919 2046 1093 2081 cavitates
1122 2051 1218 2081 recte
1248 2045 1446 2094 descripsit,
1476 2052 1632 2082 attamen
1660 2046 1765 2083 lobos
1795 2047 1980 2084 inferiores

200 2125 346 2163 quoque
374 2113 563 2160 Rajarum,
598 2111 732 2159 pariter
768 2123 809 2147 ac
840 2111 1077 2160 Squalorum,
1115 2123 1226 2148 cavos
1263 2113 1453 2148 existimat.
1508 2113 1629 2148 Lobos
1660 2114 1798 2161 opticos
1829 2126 1981 2162 corpora

201 2179 475 2228 quadrigemina
504 2189 582 2213 esse
613 2183 742 2213 censet.
801 2177 947 2225 Quodsi,
977 2178 1107 2225 inquit,
1144 2190 1253 2213 unum
1282 2178 1391 2214 modo
1420 2179 1587 2215 loborum
1615 2191 1681 2227 par
1710 2186 1791 2215 ante
1820 2179 1886 2215 hos
1914 2192 1978 2228 po-

199 2247 307 2282 situm
342 2245 538 2286 invenitur,
575 2255 621 2279 ex
657 2255 729 2291 quo
767 2244 869 2280 nervi
907 2242 1082 2279 olfactorii
1111 2244 1403 2291 proficiscuntur,
1439 2244 1513 2280 lobi
1543 2245 1718 2281 olsactorii
1748 2252 1846 2288 sunt,
1883 2246 1979 2294 apud

199 2312 356 2360 Squalos
378 2311 468 2353 cavi,
489 2309 585 2358 apud
605 2310 713 2357 Rajas
735 2308 856 2351 solidi3
884 2314 1036 2356 utraque
1060 2315 1179 2345 autem
1202 2311 1339 2358 species
1360 2310 1629 2359 hemisphaeriis
1651 2310 1863 2347 destituitur.
1892 2312 1978 2348 Item

198 2377 468 2425 Petromyzonti
497 2383 532 2412 et
559 2376 786 2424 Aecipenseri
817 2374 1031 2411 cerebellum
1060 2375 1218 2424 derogat.

342 2462 362 2503 ¹)
394 2464 538 2495 Memoire
563 2475 615 2495 sur
639 2464 665 2494 le
691 2465 777 2494 traite
804 2463 991 2494 d’Anatomie
1016 2469 1045 2493 et
1069 2462 1105 2494 de
1121 2463 1314 2506 Physiologie
1340 2466 1510 2506 comparces
1537 2464 1577 2495 du
1601 2466 1728 2507 syst'cme
1751 2476 1885 2496 nerveux
1905 2465 1977 2496 dans

198 2519 240 2550 les
266 2524 369 2561 quatre
395 2517 501 2548 classes
527 2517 698 2548 d'animaux
722 2516 885 2547 vertebrcs.
933 2515 1079 2547 Archives
1103 2518 1204 2559 gener.
1231 2516 1266 2547 de
1290 2517 1369 2548 Med.
1418 2517 1502 2548 Paris
1530 2517 1624 2548 1824.
1650 2524 1721 2549 tom.
1742 2518 1792 2549 IV.
1829 2530 1897 2560 pag.
1924 2518 1975 2549 45.

339 2568 361 2610 ²)
391 2570 444 2600 His
469 2571 607 2600 nimirum
633 2569 692 2600 duo
717 2569 859 2600 fibrarum
885 2575 978 2599 strata
1004 2570 1144 2611 assignat,
1170 2570 1318 2600 internum
1342 2571 1550 2608 transversale,
1577 2577 1733 2602 externum
1749 2571 1974 2614 longitudinale,

201 2635 329 2667 quorum
353 2622 517 2654 Secundum
540 2623 632 2654 fibras
656 2634 780 2654 nervum
807 2624 938 2664 OPthUll]
963 2628 1175 2664 COIHPOHellteS
1201 2624 1341 2654 continet.

340 2673 362 2715 ³)
392 2676 551 2706 Anatomie
575 2677 729 2717 comparee
752 2675 792 2706 du
809 2686 935 2706 ccrveau
956 2674 1029 2705 dans
1046 2675 1086 2705 les
1105 2682 1209 2717 quatre
1227 2676 1334 2707 classes
1352 2675 1404 2707 des
1422 2677 1563 2707 animaux
1579 2676 1742 2708 vertebrcs.
1775 2677 1859 2708 Paris
1880 2676 1974 2708 1824.

341 2729 363 2767 ⁴)
393 2729 591 2771 Magendie
622 2735 649 2759 et
674 2728 928 2760 Desinoulins:
960 2728 1118 2759 Anatomie
1144 2728 1185 2759 du
1209 2728 1345 2771 Syst'cme
1370 2740 1505 2760 ncrveux
1530 2729 1580 2761 des
1606 2731 1747 2760 animaux
1772 2731 1787 2760 i·
1812 2729 1974 2761 vert'cbres.

200 2783 285 2813 Paris
312 2781 406 2813 1825.

1633 2844 1651 2874 3
