2166 3084
1047 131 1104 170 22

181 260 308 302 currit,
347 258 408 294 ubi
438 258 557 294 subito
586 259 742 295 reflexus
771 258 822 294 ita
850 264 946 295 retro
976 258 1093 302 vadit,
1127 265 1166 295 ut
1194 271 1279 307 pars
1310 259 1385 307 ejus
1414 258 1601 296 recurrens
1632 261 1722 298 inter
1751 263 1965 300 cerebellum

181 332 216 362 et
244 325 459 361 exteriorem
487 336 680 372 processus
709 324 879 361 laminam
909 325 1113 361 collocetur.
1158 326 1347 362 Postremo
1377 325 1502 362 subter
1531 327 1746 364 cerebellum
1774 329 1966 367 reflectitur

181 398 214 428 et
238 392 343 439 juxta
371 390 522 427 eundem
552 391 696 427 alterius
725 391 846 428 lateris
877 391 1069 428 decurrens
1098 390 1242 428 tandem
1270 392 1305 428 in
1336 393 1411 440 ejus
1437 393 1609 441 parietem
1636 395 1772 431 transit.
1816 396 1906 432 Tab.
1928 396 1964 433 II.

180 457 237 505 fig.
268 458 289 494 2
328 457 433 494 offert
469 456 683 493 cerebellum
711 457 855 494 Musteli
891 457 1052 507 vulgaris
1091 470 1235 495 sursum
1271 466 1305 495 et
1340 466 1543 495 antrorsum
1572 459 1791 497 reclinatum.
1847 462 1964 499 Facile

180 524 307 560 ambos
344 523 521 560 funiculos
558 523 707 560 alterum
732 525 837 572 juxta
866 524 1017 561 alterum
1045 525 1184 573 positos
1214 524 1466 570 (arachnoideo
1496 532 1633 562 tantum
1662 527 1850 564 involucro
1881 540 1965 564 con-

174 591 390 638 junguntur,
427 589 586 626 nondum
624 597 743 627 autem
779 591 812 626 in
848 603 1006 627 massam
1034 591 1266 628 medullarem
1297 592 1500 628 continuam
1530 595 1743 641 coguntur),
1779 601 1963 643 postremo

179 658 214 693 in
243 657 414 705 parietem
445 656 609 693 cerebelli
638 657 842 693 inferiorem
871 658 1096 700 transituros,
1126 657 1302 695 videmus.
1344 658 1421 694 Hoc
1451 657 1596 706 quidem
1626 660 1791 697 omnibus
1820 661 1963 710 Squalis

180 735 369 759 commune
396 729 459 759 est.
504 723 771 760 Tantummodo
795 723 892 772 apud
910 723 1104 761 Mustelum
1127 731 1161 760 et
1182 725 1391 773 Zygaenam
1413 724 1579 761 malleum
1597 722 1619 770 ¹)
1648 725 1723 762 lobi
1745 728 1963 775 posteriores

179 791 365 838 utriusque
394 789 513 825 lateris
538 790 613 837 jam
643 802 685 825 eo
714 789 794 825 loco
823 796 897 826 tam
925 790 1119 839 propinqui
1148 791 1216 826 sibi
1245 797 1337 833 sunt,
1368 803 1439 839 quo
1461 791 1507 827 ad
1529 791 1705 828 fimbriam
1733 793 1961 837 evolvuntur,

179 856 275 904 apud
304 856 461 904 reliquos
493 867 616 891 omnes
646 856 695 891 ibi
723 855 821 892 haud
849 855 1029 893 mediocre
1058 857 1285 893 interstitium
1314 857 1404 893 inter
1433 857 1560 894 ambos
1589 857 1708 894 locum
1737 859 1854 896 habet.

313 922 462 958 Variam
487 933 597 970 porro
624 923 798 959 rationem
820 923 1037 971 Squalorum
1060 935 1193 972 genera
1218 931 1384 972 respectu
1407 936 1581 972 gyrorum
1602 925 1762 961 fimbriae
1783 925 1962 969 exhibent,

179 1000 333 1037 quorum
363 1001 503 1025 summa
532 989 709 1037 elegantia
737 996 771 1025 et
800 990 957 1026 varietas
987 990 1083 1038 apud
1106 990 1252 1027 Galeum
1282 1003 1406 1027 canem
1436 998 1466 1027 et
1498 991 1724 1027 Carchariam
1751 992 1915 1040 glaucum
1927 989 1962 1038 ί·’),

177 1055 294 1092 minor
323 1055 419 1104 apud
450 1055 735 1104 Centrophorunl
765 1067 1019 1104 squamosum⁷
1054 1056 1265 1093 Acanthiam
1294 1064 1328 1093 et
1355 1057 1548 1094 Mustelum
1577 1058 1782 1106 vulgarem,
1818 1059 1961 1095 minima

178 1122 275 1170 apud
305 1123 502 1170 Scymnum
532 1122 671 1158 lichiam
702 1129 736 1158 et
766 1123 939 1171 Scyllium
969 1123 1124 1159 catulum
1142 1120 1178 1168 ³),
1208 1123 1499 1172 deprehenditur;
1532 1123 1586 1160 his
1616 1125 1707 1160 enim
1735 1124 1809 1160 sere
1839 1137 1962 1162 omnes

177 1189 259 1237 gyri
289 1188 434 1231 desunt,
463 1195 625 1224 tenerum
653 1195 791 1225 tantum
821 1196 855 1225 et
883 1196 1031 1226 teretem
1060 1189 1225 1226 videmus
1255 1190 1468 1233 funiculum„
1500 1191 1560 1239 qui
1588 1197 1683 1227 retro
1712 1191 1873 1228 flectitur.

311 1255 402 1291 Lobi
436 1256 655 1303 posteriores
687 1256 879 1304 Zygaenae
913 1256 1032 1292 mallei
1067 1268 1110 1293 eo
1146 1257 1303 1293 excitant
1331 1256 1618 1300 admirationem,
1658 1257 1756 1306 quod
1784 1258 1825 1294 iis
1855 1258 1960 1301 locis,

179 1322 310 1370 (suibus
340 1322 506 1370 utrinque
535 1322 626 1358 inter
655 1334 694 1358 se
724 1323 1058 1371 appropinquantur
1087 1330 1121 1359 et
1151 1323 1255 1371 quasi
1283 1323 1430 1359 lacunar
1458 1324 1645 1360 ventriculi
1673 1325 1790 1372 quarti
1813 1325 1960 1373 fingunt,

177 1389 213 1424 in
243 1389 416 1437 cujusque
444 1400 565 1424 massa
593 1388 778 1425 medullari
807 1390 1078 1425 intumescentia
1105 1389 1376 1426 rotundiuscula
1405 1391 1490 1426 satis
1519 1403 1650 1438 magna
1673 1397 1789 1427 exstat
1801 1387 1836 1435 4).
1868 1404 1960 1440 quae

177 1455 212 1491 in
242 1454 339 1491 nullo
369 1454 438 1490 alio
469 1454 687 1503 Squalorum
717 1467 739 1491 a
766 1468 822 1491 me
852 1456 1138 1492 examinatorum
1167 1468 1298 1505 genere
1329 1457 1555 1493 observatur.

315 1520 451 1569 Quodsi
478 1521 585 1569 igitur
614 1522 845 1565 sciscitamur,
876 1534 948 1571 qua
977 1535 1057 1558 cum
1086 1530 1187 1571 parte
1216 1522 1398 1571 encephali
1418 1524 1643 1571 superiorum
1663 1523 1867 1560 animalium
1887 1524 1961 1560 lobi

178 1587 226 1624 illi
261 1588 480 1636 posteriores
513 1587 741 1625 multifariam
771 1590 900 1625 sinuati
929 1589 1160 1638 comparandi
1190 1590 1275 1632 sint,
1313 1602 1358 1626 ex
1386 1591 1505 1638 priore
1534 1590 1638 1638 hujus
1669 1590 1830 1639 opusculi
1859 1598 1959 1639 parte

176 1654 414 1703 intelligimus,
444 1654 490 1690 ab
521 1655 730 1692 anatomicis
759 1655 868 1691 modo
898 1667 963 1704 pro
992 1656 1205 1704 corporibus
1233 1656 1508 1700 restiformibus⁷
1538 1656 1646 1692 modo
1669 1669 1734 1705 pro
1754 1657 1959 1694 lateralibus

177 1721 343 1758 cerebelli
371 1721 546 1769 partibus,
575 1721 684 1758 modo
714 1734 780 1770 pro
809 1723 889 1770 ipso
920 1722 1096 1759 cerebello
1124 1722 1268 1759 habitos
1298 1735 1387 1760 esse.
1443 1723 1538 1760 Usus
1568 1729 1687 1759 autem
1716 1735 1841 1760 eorum
1862 1724 1895 1760 in
1917 1736 1959 1760 eo

177 1794 241 1831 est,
270 1794 309 1824 ut
336 1799 458 1824 massa
485 1787 662 1825 medullae
692 1788 908 1837 oblongatae
937 1788 1142 1826 medullaris
1169 1789 1215 1825 ad
1239 1790 1452 1826 cerebellum
1477 1789 1717 1833 continuetur3
1746 1797 1827 1826 sunt
1853 1790 1960 1838 igitur

175 1853 369 1903 pedunculi
404 1865 468 1890 seu
504 1866 607 1891 crura
643 1854 820 1891 medullae
857 1855 1073 1904 oblongatae
1102 1855 1148 1891 ad
1177 1856 1407 1899 cerebellum7
1443 1856 1463 1892 i.
1494 1869 1522 1893 e.
1552 1868 1705 1905 corpora
1733 1856 1957 1893 restisormia.

177 1920 281 1968 Quod
317 1933 389 1969 quo
425 1921 550 1958 melius
586 1921 857 1970 comprobetur,
894 1922 1032 1958 silentio
1066 1922 1366 1971 praetereundum
1403 1934 1474 1958 non
1503 1929 1556 1959 est
1585 1930 1805 1959 momentum
1833 1935 1956 1972 grave7

176 1999 304 2035 nempe
340 1988 441 2035 origo
476 1988 578 2024 nervi
606 1988 791 2036 trigemini.
849 1988 1157 2036 Quemadmodum
1186 1990 1220 2025 in
1250 1990 1401 2037 piscium
1429 1989 1624 2037 encephalo
1654 1990 1849 2037 generatim
1878 2002 1956 2026 ncr-

175 2065 308 2089 Vorum
338 2054 493 2101 origines
522 2054 557 2089 in
587 2053 793 2090 definiendis
823 2054 970 2102 singulis
999 2055 1162 2102 partibus
1191 2067 1353 2091 normam
1380 2055 1549 2092 exhibere
1576 2063 1743 2104 possunt.
1773 2057 1821 2092 ita
1851 2057 1957 2093 etiam

176 2119 211 2155 in
240 2119 308 2155 hoc
338 2131 434 2156 casu.
491 2120 710 2168 Squalorum
737 2121 945 2169 trigeminus
975 2120 1115 2157 duabus
1147 2121 1257 2157 oritur
1285 2121 1481 2165 radicibus,
1518 2123 1694 2159 anteriore
1728 2123 1893 2159 inferiore
1923 2130 1953 2160 et

175 2185 375 2234 posteriore
406 2187 604 2235 superiore3
635 2187 821 2223 anterioris
852 2188 1023 2236 originem
1052 2187 1144 2224 infra
1173 2188 1454 2236 contemplabor,
1482 2188 1537 2224 hic
1564 2188 1673 2225 modo
1694 2188 1738 2225 de
1757 2190 1955 2238 posteriore

176 2252 360 2289 disseram.
415 2252 521 2301 Apud
551 2265 674 2289 omnes
705 2253 862 2302 Squalos
890 2266 932 2290 eo
960 2255 1107 2302 emergit
1133 2254 1224 2298 loco,
1254 2267 1326 2303 quo
1351 2267 1481 2304 corpus
1501 2256 1702 2292 restiforme
1724 2256 1758 2291 in
1778 2256 1955 2293 fimbriam

176 2319 415 2362 convertitur,
451 2319 487 2355 id
523 2319 621 2368 quod
657 2320 923 2357 evidentissime
958 2333 1003 2357 ex
1032 2321 1133 2357 icone
1163 2321 1345 2370 encephali
1375 2323 1568 2370 Zygaenae
1596 2322 1713 2358 mallei
1741 2322 1953 2370 intelligitur.

175 2385 237 2421 ubi
266 2386 368 2422 nervi
398 2386 498 2434 origo
529 2399 550 2422 a
578 2386 688 2423 latere
716 2387 831 2435 magis
862 2399 1005 2424 sursum
1034 2395 1131 2424 mota
1161 2395 1212 2424 est
1231 2386 1266 2432 ⁵).
1321 2388 1427 2437 Apud
1456 2388 1616 2425 homines
1646 2389 1824 2437 posterior
1852 2390 1953 2426 nervi

176 2451 289 2500 quinti
323 2451 428 2489 radix
463 2466 481 2489 0
518 2453 616 2489 sulco
654 2453 797 2502 quidem
835 2455 945 2491 cruris
976 2454 1140 2491 cerebelli
1169 2454 1212 2491 ad
1243 2462 1386 2503 pontem
1418 2455 1553 2503 prodit.
1591 2462 1624 2492 at
1654 2455 1765 2492 fibrae
1796 2457 1870 2503 ejus
1900 2469 1954 2493 re-

318 2578 337 2619 ¹)
369 2580 445 2611 Tab.
472 2580 503 2611 11.
546 2581 595 2623 fig.
625 2580 639 2612 1
668 2587 694 2612 et
719 2581 768 2625 fig.
795 2581 814 2613 5
842 2594 872 2613 α.

315 2632 337 2671 ⁹)
370 2633 447 2665 Tah.
472 2634 516 2664 ΙΙΙ.
557 2634 606 2676 fig.
636 2634 649 2664 1
678 2641 707 2665 et
730 2635 778 2677 fig.
805 2634 825 2666 4
850 2647 879 2666 α.

316 2683 338 2725 ³)
371 2686 448 2717 Tab.
474 2686 506 2717 Il.
548 2687 597 2729 fig.
624 2686 643 2718 3
669 2694 698 2718 et
722 2688 770 2730 fig.
797 2687 816 2719 6
842 2700 872 2718 α.

315 2739 337 2778 ⁴¹)
368 2739 445 2769 Tab.
471 2740 503 2770 ll.
544 2740 592 2782 fig.
620 2739 638 2771 5
664 2751 697 2771 ,ικ

315 2790 337 2829 ⁶)
369 2791 446 2823 Tab.
472 2793 504 2823 ll.
545 2793 594 2834 fig.
622 2793 640 2823 5
667 2806 672 2823 :
699 2793 753 2824 V1‚
