2166 3084
1048 131 1102 170 18

318 263 457 300 Gallum
494 261 654 309 ejusdem
689 261 773 297 aevi
810 272 1093 296 commemorare
1130 266 1287 308 oportet:
1330 253 1639 304 [(111’1·011001“).
1695 260 1750 296 Ex
1780 258 1965 296 Chondro-

182 330 431 380 pterygiorum
460 339 610 364 numero
630 327 758 375 Rajam
783 333 922 363 tantum
951 327 1173 363 examinavit
1201 333 1236 362 et
1263 325 1455 362 medullam
1482 325 1713 374 oblongatam
1740 326 1907 374 utrinque
1931 327 1965 362 in

182 404 255 434 tres
291 394 483 432 fasciculos
522 393 703 430 distribuit
739 399 774 429 et
807 392 914 429 lobos
950 399 1031 429 ante
1068 392 1282 429 cerebellum
1310 392 1449 441 positos
1478 398 1625 441 propter
1654 392 1856 440 analogiam
1886 404 1966 428 cum

182 463 283 499 foetu
325 461 531 498 animaliiun
575 460 801 508 superiorum
842 465 878 495 et
918 465 1066 507 propter
1107 471 1302 496 nervorum
1339 459 1540 507 opticorum
1577 459 1751 506 originem
1786 470 1850 506 pro
1889 470 1966 493 cor-

183 529 334 578 poribus
390 527 671 576 quadrigemiuis
724 525 851 570 habet,
905 525 1011 562 lobos
1059 525 1246 562 inferiores
1294 537 1359 574 pro
1407 525 1605 561 eminentiis
1653 524 1966 567 niaimnillaribus,

185 595 339 644 denique
367 594 473 630 lobos
508 605 716 630 communes
745 605 811 641 pro
840 592 934 630 lobis
964 593 1177 635 olfactoriis;
1209 591 1472 640 hemisphaeria
1500 592 1591 628 enim
1623 591 1967 639 Chondropterygiis

186 661 318 698 diserte
354 660 514 709 derogat.

320 723 558 771 Rolando²)
590 725 801 763 Carchariae
831 731 866 762 et
893 726 1063 763 Notidani
1092 726 1166 774 (Sq.
1190 726 1310 774 grisei)
1341 724 1575 773 encephaliun
1602 737 1622 760 a
1647 731 1747 772 parte
1773 724 1968 772 superiore,

188 793 374 837 inferiore,
409 792 520 829 latere
555 798 804 841 conspectum,
840 804 906 828 nec
941 804 1013 828 non
1050 792 1259 835 dissectum,
1296 791 1466 839 depinxit.
1521 790 1643 827 Lobos
1677 802 1884 826 communes
1921 790 1968 825 011

188 861 345 908 speciem
371 860 531 896 lobatam
558 860 592 894 in
620 858 882 906 hemisphaeria
908 865 942 894 et
964 858 1069 895 lobos
1092 858 1298 895 olfactorios
1320 857 1501 906 dispescit,
1529 857 1635 893 lobos
1657 857 1795 905 opticos
1825 856 1970 892 »talami

189 927 287 962 ottici
322 925 560 963 vescicolari«
604 931 723 961 vocat.
779 925 1074 961 Anatomicorum
1110 926 1203 961 enim
1233 925 1460 968 sententiam,
1498 924 1559 972 qui
1594 935 1657 960 eos
1692 929 1839 971 propter
1867 922 1970 959 nervi

188 992 398 1029 trochlearis
427 993 599 1040 originem
625 1003 690 1040 pro
719 991 910 1028 eminentia
937 991 1209 1040 quadrigemina
1233 990 1420 1027 habendos
1445 997 1623 1034 censeant,
1655 989 1830 1038 repudiat,
1860 1001 1970 1037 quum

190 1059 305 1095 dictus
342 1071 475 1095 nervus
505 1072 523 1095 e
554 1057 731 1095 cerebello
762 1064 797 1094 et
826 1058 989 1094 cruribus
1025 1059 1100 1106 ejus
1137 1058 1383 1106 superioribus
1418 1056 1613 1105 procedere
1642 1056 1792 1105 possiti!
1848 1056 1970 1092 Lobos

189 1125 377 1162 inferiores
408 1126 607 1162 eminentiis
636 1125 933 1162 mammillaribus
963 1125 1184 1173 aequiparat.
1236 1125 1361 1161 leones
1391 1125 1466 1171 ejus
1494 1123 1598 1171 plura
1626 1122 1759 1159 habent
1787 1121 1971 1164 mendosa,

191 1198 226 1228 at
262 1192 349 1228 secti
385 1192 568 1240 encephali
604 1191 811 1235 delineatio,
856 1190 1021 1228 cerebelli
1054 1191 1202 1228 lacunar
1237 1202 1299 1227 seu
1335 1197 1467 1227 tectum
1503 1190 1536 1225 in
1574 1189 1741 1225 loborum
1772 1189 1971 1237 optieorum

190 1258 337 1295 lacunar
365 1259 533 1300 transire,
566 1260 640 1306 jam
670 1258 885 1295 manifestat.

327 1322 561 1369 (1111110113)
600 1326 796 1362 sententiae
834 1325 878 1361 de
912 1325 1065 1373 piscium
1100 1323 1294 1372 enccphalo
1331 1323 1387 1359 hic
1417 1322 1706 1359 commodissime
1736 1328 1971 1370 apponentur,

192 1404 274 1427 nam
311 1392 345 1426 in
382 1391 578 1428 serioribus
616 1404 766 1439 operum
795 1392 870 1439 ejus
901 1390 1118 1427 editionibus
1148 1389 1355 1427 essentiales
1385 1391 1600 1426 mutationes
1630 1401 1700 1425 11011
1732 1389 1971 1424 inveniuntur.

194 1458 353 1506 Corpora
380 1458 608 1501 restisormia,
639 1470 731 1506 quae
759 1458 865 1494 lobos
895 1458 1114 1506 posteriores
1142 1463 1267 1499 vocat,
1302 1469 1409 1505 saepe
1439 1457 1674 1492 commissura
1704 1454 1860 1503 quadam
1889 1466 1972 1490 con-

188 1525 312 1572 juncta
342 1536 380 1560 se
410 1524 689 1572 deprehendisse
720 1525 903 1572 opinatur;
939 1523 1045 1560 101103
1075 1524 1214 1572 opticos
1243 1523 1514 1571 hemisphaeriis
1543 1529 1645 1571 putat
1675 1521 1859 1569 analogos‚
1888 1521 1973 1556 emi-

193 1591 332 1627 nentias
363 1597 481 1627 autem
510 1592 545 1626 in
574 1603 698 1626 eorum
726 1591 881 1627 cavitate
902 1602 1056 1639 corpora
1077 1602 1155 1626 esse
1171 1589 1308 1637 judicat
1328 1590 1462 1626 striata.
1510 1589 1631 1625 Lobos
1652 1588 1837 1624 inferiores
1859 1586 1973 1624 adhuc

195 1669 275 1693 cum
304 1656 469 1694 thalamis
500 1658 627 1706 optieis
658 1663 853 1706 comparat,
883 1658 1012 1694 etenim
1041 1656 1151 1692 fibras
1179 1669 1224 1692 ex
1250 1656 1293 1692 iis
1319 1656 1365 1692 ad
1391 1668 1543 1693 nervum
1570 1656 1727 1704 opticum
1754 1659 1973 1703 propagatas

195 1735 274 1760 sese
302 1724 455 1767 vidisse,
486 1724 617 1760 diserte
647 1723 811 1760 affirmat.
866 1724 999 1767 Lobos,
1034 1724 1096 1771 qui
1125 1729 1206 1759 ante
1234 1723 1339 1758 lobos
1370 1723 1508 1771 opticos
1537 1722 1711 1764 resident,
1739 1733 1805 1769 pro
1834 1720 1855 1756 l.
1886 1719 1973 1756 olfa-

195 1790 316 1826 ctoriis
345 1790 463 1833 hahet,
494 1802 597 1839 quos,
628 1790 658 1826 si
688 1790 759 1826 duo
787 1790 890 1838 paria
918 1790 1046 1833 adsint,
1076 1789 1276 1838 duplicatos
1306 1790 1497 1826 existimat.

331 1857 675 1893 Commentationem
723 1856 1030 1893 accuratissimam
1072 1862 1107 1892 et
1149 1855 1457 1904 diligentissimam
1500 1855 1543 1891 de
1586 1854 1741 1891 familiae
1789 1852 1974 1900 cujusdam

194 1923 347 1971 piscium
368 1923 572 1972 encephalo,
593 1923 766 1971 imprimis
790 1922 889 1971 quod
911 1922 957 1958 ad
979 1922 1149 1958 fibrarum
1176 1922 1365 1958 decursum
1387 1923 1521 1964 attinet,
1550 1916 1796 1963 Gottsclie⁴)
1819 1919 1974 1967 scripsit;

197 1988 291 2024 idem
312 1990 493 2037 egregiam
515 1990 672 2025 onmium
694 2002 855 2037 operum,
883 2001 975 2036 quae
997 1988 1042 2024 ad
1061 1988 1152 2025 hanc
1173 1989 1374 2025 anatomiae
1396 1994 1623 2036 comparatae
1643 1993 1781 2035 partem
1802 1991 1974 2033 spectant,

197 2055 361 2091 notitiam
387 2055 455 2091 sibi
483 2056 717 2104 comparavit.
764 2055 886 2091 [01103
911 2055 1142 2102 posteriores,
1173 2055 1192 2089 i.
1214 2067 1241 2090 e.
1263 2054 1551 2090 intumescentias
1578 2054 1755 2101 parietum
1775 2051 1975 2088 lateralium

197 2121 386 2158 ventriculi
416 2122 551 2169 quarti,
588 2134 653 2170 pro
691 2121 903 2170 corporibus
938 2120 1204 2156 restiformibus
1239 2127 1333 2156 recte
1368 2119 1491 2162 habet3
1535 2119 1640 2155 101103
1677 2119 1815 2167 01111003
1849 2117 1975 2153 111οἀ113

199 2194 233 2224 01
268 2188 530 2236 posterioribus
566 2188 659 2224 lobis
694 2187 876 2235 encephali
911 2186 1073 2230 humani,
1110 2199 1196 2235 ergo
1231 2186 1519 2234 hemisphaeriis,
1557 2198 1754 2234 eorumque
1784 2185 1976 2221 cavitatem

199 2254 407 2291 ventriculis
443 2254 669 2297 lateralibus,
707 2266 787 2289 cum
817 2254 922 2289 tertio
953 2253 1168 2300 conjunctis,
1203 2252 1421 2301 respondere
1451 2252 1543 2288 dicit.
1598 2252 1707 2288 Lobis
1736 2251 1976 2293 inferioribus,

201 2333 293 2369 quos
331 2320 497 2356 omnibus
528 2320 778 2358 Osthacanthis
809 2332 919 2356 cavos
950 2331 1029 2356 esse
1056 2319 1236 2368 perhibet,
1272 2319 1389 2355 locum
1420 2317 1613 2366 encephalo
1642 2317 1798 2354 humano
1828 2328 1976 2352 consen-

345 2472 365 2513 ¹)
395 2474 553 2506 Anatomie
585 2473 625 2504 du
650 2485 774 2505 cerveau
804 2473 877 2504 daus
908 2473 949 2504 les
981 2479 1085 2515 quatre
1116 2473 1224 2504 classes
1257 2473 1427 2504 d’animaux
1458 2471 1620 2503 vertrhrfis.
1668 2471 1727 2502 Par
1756 2471 1975 2502 Laurencet.

202 2529 285 2559 Paris
314 2527 408 2559 1825.

345 2579 365 2619 ²)
396 2580 582 2611 Rolando:
609 2578 707 2621 Sopra
731 2580 759 2610 la
784 2591 853 2610 vcra
878 2586 1024 2611 struttura
1050 2579 1096 2610 del
1122 2579 1246 2610 cervello
1273 2578 1337 2609 delt’
1363 2589 1452 2609 uomo
1477 2589 1491 2609 0
1515 2577 1719 2620 degl'animali.
1746 2577 1860 2608 Torino
1882 2576 1976 2608 1828.

345 2633 366 2672 ³)
397 2634 527 2664 Histoire
552 2633 694 2663 naturclle
720 2632 770 2663 des
794 2634 933 2675 poissons
957 2644 1013 2676 par
1037 2632 1176 2665 Cuvier
1201 2639 1229 2663 ct
1253 2632 1539 2663 Valenciennes.
1580 2631 1664 2661 Paris
1690 2629 1784 2662 1828.
1808 2650 1842 2654 -
1862 2630 1978 2667 Lecons

205 2688 392 2719 d'Anatomie
417 2688 581 2728 comparce.

344 2737 367 2779 ⁴)
399 2738 632 2781 Vergleiehende
657 2739 815 2769 Anatomie
841 2738 891 2770 des
918 2739 1044 2771 Gchirns
1069 2738 1122 2770 der
1146 2737 1370 2771 Gr'aithenfische
1394 2748 1453 2768 von
1479 2735 1512 2769 C.
1536 2736 1577 2767 M.
1605 2735 1799 2767 Gottsche.
1847 2735 1978 2766 Miiller's

206 2793 317 2824 Archiv
348 2791 440 2823 1835.
489 2803 557 2834 pag.
584 2791 647 2822 244
674 2791 732 2822 und
758 2791 833 2822 433.
