2166 3084
1051 121 1106 160 42

323 249 536 288 Adnotanda
574 249 751 298 quaedam
787 255 868 285 sunt
904 248 947 284 de
983 249 1103 285 nervis
1141 249 1266 297 opticis
1302 261 1348 285 ex
1378 248 1587 292 chiasmate,
1624 249 1670 285 ad
1701 249 1799 298 quod
1828 256 1963 286 tractus

192 318 298 366 optici
321 316 388 352 sub
413 316 548 352 cerebri
572 315 734 351 cruribus
758 315 928 358 coierunt,
950 315 1116 363 utrinque
1139 315 1409 363 prodeuntibus.
1447 316 1647 352 Diametrns
1670 328 1792 352 eorum
1815 315 1964 352 relative

189 395 364 432 perquam
394 383 524 430 exigua
553 388 623 424 est,
661 388 697 417 at
724 381 829 430 longe
859 381 963 417 aliam
992 380 1126 417 habent
1154 387 1386 424 structuram,
1422 394 1530 430 quam
1559 382 1661 418 nervi
1691 383 1798 430 optici
1825 382 1964 430 Plagio-

191 457 405 486 stomorum:
440 448 567 484 horum
603 449 695 484 enim
732 460 865 484 nervus
902 449 1040 496 opticus
1071 447 1161 492 (vid.
1192 449 1319 496 supra)
1357 461 1375 484 e
1410 448 1556 496 singulis
1585 448 1763 485 fasciculis
1792 448 1963 484 fibrarum

189 528 421 558 nervearum,
456 515 525 551 tela
555 515 782 562 conjunctiva
810 514 935 557 unitis,
972 515 1213 562 componitur,
1248 515 1523 562 Accipenserum
1551 528 1640 551 vcro
1670 528 1715 551 ex
1744 515 1964 551 anfractibus

188 583 339 619 laminae
370 581 573 618 medullaris
603 587 760 624 constat,
798 593 908 629 quae,
939 580 1082 616 diducto
1111 581 1357 624 neurilemate,
1388 581 1512 617 subter
1541 594 1636 630 aqua
1663 581 1765 618 facile
1793 581 1901 630 pandi
1930 588 1964 617 et

190 649 361 697 explicari
394 654 522 696 potest.
584 647 857 684 Memorandum
891 647 999 683 inodo
1035 653 1105 689 est,
1144 647 1350 684 Sturionnm
1387 659 1537 683 nervum
1575 648 1748 696 optieum,
1786 647 1887 684 aliter
1923 658 1964 682 ae

189 715 423 764 plurimorum
453 714 742 756 Teleosteorum,
772 713 1007 762 paucissimos
1038 720 1072 749 et
1101 713 1381 761 simplicissimos
1411 713 1551 750 efficere
1580 714 1760 750 anfractus
1781 711 1820 759 ¹).

326 781 470 817 Cerebri
498 779 719 828 pedunculus
749 780 909 824 (ventric.
938 780 1074 820 tertius,
1105 780 1315 816 Stannius
1333 777 1357 824 2)
1387 780 1521 822 eadem,
1552 792 1644 828 quae
1674 780 1769 828 apud
1797 779 1963 828 Squalos,

190 848 364 884 elementa
402 847 505 882 offert
541 846 632 890 (vid.
663 846 806 894 supra);
850 852 885 881 et
917 847 1016 894 ipsae
1045 846 1157 882 fibrae
1186 845 1410 894 gangliorum
1439 846 1730 882 intermediorum
1759 846 1964 891 (comissur.

188 921 320 962 poster.
351 913 577 955 Stannius)
609 914 654 956 (ο)
685 919 889 948 extrorsum
918 919 952 948 et
983 912 1151 948 deorsum
1178 913 1225 948 ita
1248 919 1409 960 pergunt,
1438 919 1477 948 ut
1498 912 1614 949 aditus
1637 912 1682 948 ad
1703 912 1964 948 infundibulum

191 981 306 1016 antire
342 986 471 1028 pateat.
528 978 632 1015 Hand
663 978 722 1014 diu
751 985 870 1015 autem
900 979 1036 1015 cerebri
1065 979 1286 1027 pedunculus
1317 979 1494 1016 solitarius
1524 986 1658 1022 manet,
1695 992 1781 1015 mox
1810 980 1902 1015 enim
1930 979 1964 1014 in

192 1047 301 1083 latere
339 1047 413 1094 ejus
450 1052 597 1082 externo
634 1045 704 1081 duo
740 1046 883 1094 ganglia
919 1045 1093 1094 elegantia
1123 1047 1183 1095 (9)
1220 1053 1430 1094 assurgunt,
1466 1046 1615 1094 figuram
1646 1046 1856 1094 oblongam,
1892 1045 1965 1081 fere

190 1113 425 1161 piriformem,
461 1112 645 1154 habentia,
681 1112 797 1148 media
824 1113 858 1147 in
888 1119 989 1161 parte
1023 1112 1121 1148 sulco
1151 1118 1361 1149 transverso
1392 1113 1579 1155 instructa,
1617 1125 1709 1160 quae
1738 1112 1873 1148 inferne
1900 1124 1966 1160 per

191 1180 328 1216 cerebri
354 1178 545 1227 pedunculi
573 1190 730 1214 massam
759 1178 990 1215 medullarem
1020 1179 1291 1227 conjunguntur,
1327 1191 1478 1227 superne
1508 1185 1625 1215 autem
1654 1179 1881 1215 intervallum
1911 1185 1966 1214 sat

190 1258 359 1294 magnum
389 1246 479 1281 inter
508 1257 546 1281 se
574 1245 787 1293 relinquunt,
817 1246 865 1282 ita
895 1252 933 1281 ut
961 1245 1151 1294 peduncnli
1181 1246 1317 1282 cerebri
1346 1246 1501 1281 anterior
1521 1246 1727 1282 extremitas
1748 1245 1858 1281 libera
1883 1257 1966 1281 eon-

191 1309 418 1361 spiciatui·³).
474 1312 511 1348 In
540 1312 649 1348 latere
680 1318 828 1348 externo
859 1312 978 1348 sulcus
1009 1319 1157 1360 apparet
1186 1312 1404 1360 profundus,
1442 1313 1503 1360 qni
1531 1313 1563 1348 in
1594 1324 1745 1360 parvam
1775 1312 1965 1348 cavitatem

190 1380 320 1415 mutari
348 1385 468 1427 potest
483 1375 526 1421 ⁴),
555 1379 603 1414 ita
632 1391 774 1427 nempe,
804 1385 842 1414 ut
870 1379 983 1415 fibrae
1012 1379 1046 1414 in
1077 1378 1166 1414 duos
1196 1378 1386 1415 fasciculos
1418 1378 1602 1422 secedant,
1640 1391 1793 1427 quorum
1823 1378 1967 1414 inferior

192 1446 261 1493 (fig.
284 1447 306 1481 S
328 1447 359 1486 r)
390 1446 424 1480 in
453 1457 603 1480 nervum
635 1445 858 1481 olfactorium
886 1445 1087 1481 immediate
1117 1446 1258 1487 transit,
1289 1446 1451 1493 superior
1481 1446 1537 1489 (s)
1568 1451 1687 1481 autem
1716 1457 1874 1483 sursum,
1905 1457 1965 1480 an-

191 1519 347 1548 trorsnm
381 1518 414 1547 et
444 1512 635 1547 introrsum
665 1512 823 1547 sseetitur.
879 1512 933 1548 Ad
962 1513 1174 1548 anteriorem
1203 1511 1391 1560 pedunrnli
1421 1512 1556 1547 cerebri
1586 1518 1721 1560 partem
1751 1523 1965 1560 progressus

192 1591 256 1627 per
293 1577 464 1614 nodulum
499 1591 654 1626 parvum
683 1578 913 1614 medullarem
938 1579 1042 1625 juxta
1072 1578 1220 1614 alterum
1250 1575 1461 1621 inseritur⁵)
1498 1584 1532 1614 et
1559 1579 1680 1626 itaque
1709 1584 1852 1626 pontem
1884 1590 1966 1613 eon-

192 1646 332 1688 sormat,
363 1645 487 1681 subter
516 1657 623 1693 quem
653 1644 698 1680 ad
727 1645 829 1680 nervi
858 1645 1033 1681 olfactorii
1062 1657 1191 1681 cavum
1220 1646 1461 1693 pervenimus,
1491 1646 1589 1692 cnjus
1618 1646 1754 1681 initium
1783 1645 1817 1680 in
1846 1645 1967 1681 tuber-

193 1711 310 1747 culum
340 1713 409 1759 (p)
452 1712 602 1747 inflatur.
663 1711 819 1747 Partium
861 1711 1079 1759 singularum
1115 1711 1325 1759 significatio
1361 1711 1510 1747 difficilis
1548 1719 1601 1747 est
1637 1711 1804 1751 diremtu,
1839 1712 1967 1759 partim

192 1778 284 1814 enim
312 1777 455 1826 ganglia
484 1778 640 1826 oblonga
671 1778 739 1826 (fig.
762 1779 834 1827 79)
864 1777 1133 1826 hemisphaeria,
1163 1791 1299 1826 parvae
1328 1785 1446 1814 autem
1466 1779 1768 1820 intumescentiae,
1797 1779 1831 1814 in
1853 1790 1967 1813 nervo

193 1844 379 1880 olfactorio
409 1844 557 1888 obviae,
592 1844 778 1880 tubercula
808 1844 993 1880 olfactoria
1021 1851 1289 1893 repraesentare
1322 1851 1491 1893 possunt,
1526 1845 1655 1892 partim
1684 1851 1818 1887 autem,
1857 1857 1967 1892 (pium

192 1912 294 1947 nervi
324 1911 499 1947 olfactorii
528 1924 656 1947 cavum
688 1924 730 1947 ex
761 1911 927 1947 loborum
958 1912 1198 1947 connnuninm
1227 1912 1381 1947 cavitate
1411 1912 1582 1959 originem
1612 1911 1718 1946 ducat
1745 1923 1890 1947 necesse
1913 1911 1966 1953 sit,

193 1978 268 2014 fieri
297 1984 426 2026 potest,
456 1984 494 2014 ut
522 1978 663 2026 ganglia
694 1977 862 2025 oblonga,
894 1979 1036 2014 omnino
1067 1977 1190 2021 solida,
1220 1979 1372 2026 parietes
1403 1985 1570 2014 externos
1601 1990 1743 2014 crassos
1772 1978 1844 2013 lobi
1873 1990 1968 2013 com-

193 2045 310 2080 munis
347 2043 555 2086 exhibeant,
592 2045 691 2091 cujlis
728 2044 874 2079 lacunar
908 2045 1069 2086 cesserit,
1105 2045 1153 2080 ita
1182 2051 1220 2080 ut
1249 2045 1474 2080 interstitium
1504 2056 1626 2080 eorum
1657 2045 1746 2088 (bb)
1777 2056 1834 2080 cax
1848 2044 1967 2079 itatem

193 2110 268 2146 lobi
305 2111 424 2153 sistat,
461 2123 506 2146 ex
543 2122 613 2158 qua
648 2111 814 2159 utrinque
852 2110 897 2146 ad
934 2122 1085 2146 nervum
1119 2110 1343 2146 olfactorium
1374 2123 1504 2146 cavum
1533 2111 1795 2158 perveniamus.
1852 2111 1967 2146 Locus

193 2177 320 2213 leviter
356 2178 577 2225 prominens,
616 2189 687 2225 quo
723 2176 882 2212 fasciculi
918 2176 1131 2212 medullares
1168 2178 1321 2219 externi,
1358 2177 1446 2213 alter
1475 2178 1579 2225 juxta
1609 2177 1774 2220 alterum,
1809 2177 1968 2213 inserun-

194 2250 251 2280 tur
281 2244 349 2288 (t),
378 2243 459 2280 leve
490 2243 667 2292 analogon
696 2243 789 2279 foret
818 2244 916 2291 septi,
947 2243 1045 2292 quod
1074 2243 1120 2280 ab
1151 2243 1388 2279 anterioribus
1419 2255 1546 2280 versus
1576 2244 1776 2292 posteriora
1805 2244 1969 2280 vax-itatis

194 2310 364 2359 procedit.

332 2378 383 2413 Ex
414 2377 528 2412 tribus
551 2377 740 2413 Ganoiileis
769 2376 933 2413 columna
952 2376 1146 2413 vertebrali
1167 2389 1273 2413 ossea
1292 2377 1487 2412 instructis:
1516 2377 1735 2424 Lepisosteo,
1764 2376 1969 2424 Polyptero,

341 2516 359 2556 ¹)
390 2517 433 2548 De
458 2519 587 2554 ratione,
622 2529 696 2560 quae
721 2518 876 2549 intercedit
901 2520 975 2549 inter
1000 2529 1081 2549 nerv.
1108 2520 1238 2560 opticum
1265 2524 1293 2549 ct
1316 2519 1440 2549 retinam
1465 2517 1641 2549 Sturionum
1666 2517 1743 2548 vid.:
1780 2518 1968 2560 Franque,

197 2571 351 2602 Dissertat.
378 2572 560 2613 inauguralis
586 2572 620 2602 de
645 2572 731 2603 Amia
757 2573 848 2604 calva.
897 2572 1025 2603 Berolini
1055 2571 1148 2603 1847.
1183 2583 1251 2614 pag.
1281 2571 1330 2602 11.

337 2622 358 2663 Ἡ)
392 2625 467 2655 Tab.
493 2625 512 2655 Ι.
554 2625 601 2667 fig.
630 2625 647 2655 7
674 2625 701 2656 b.

337 2674 359 2715 3)
390 2678 465 2708 Tab.
491 2678 511 2708 I.
552 2678 600 2720 fig.
628 2679 645 2708 Τ
672 2678 729 2708 hb.

338 2728 359 2768 4)
390 2730 467 2761 Tab.
493 2730 511 2760 I.
554 2731 602 2773 fig.
628 2731 647 2761 8
672 2743 700 2770 q.

339 2781 360 2821 ⁵)
392 2783 467 2814 Tab.
494 2784 513 2814 l.
554 2784 602 2814 fist.
631 2785 647 2814 Τ
675 2795 689 2813 S
716 2791 743 2814 ct
768 2791 788 2815 l.

577 2811 593 2826 Ὀ
