2166 3084
1040 125 1097 164 14

175 271 387 309 comparans
432 255 734 306 quadrigeminae.
796 254 933 291 Eadem
974 254 1174 290 temeritate
1218 253 1261 289 de
1306 252 1426 290 Siluro'
1468 259 1531 288 etc.
1569 251 1650 300 agit.
1714 251 1837 288 Icones
1880 264 1959 300 per-

176 338 305 365 versae
344 330 435 361 sunt.

311 392 494 439 Camper
514 386 542 434 ι)
579 389 613 425 111
651 387 901 424 dissertatione
938 386 981 423 de
1009 387 1161 435 piscium
1191 398 1327 434 organo
1358 385 1501 421 auditus
1531 384 1636 421 simul
1665 396 1745 421 cum
1773 384 1897 432 Lophii
1927 391 1961 420 et

174 459 299 496 Esocis
328 458 427 494 Lucii
457 455 658 504 encephalis
688 454 775 491 illud
803 454 914 502 Rajae
942 454 1179 502 persequitur.
1238 451 1422 489 Cerebello
1452 458 1678 495 annumerat,
1718 457 1757 487 ut
1787 450 1959 488 Collins

176 532 282 562 antea
324 524 368 561 de
410 523 562 560 mustelo
605 522 705 565 fecit,
749 532 903 569 corpora
944 520 1170 557 restiformia.
1232 519 1354 556 Lobos
1400 519 1538 567 opticos
1574 530 1664 555 vero
1700 517 1961 566 hemisphaeria

177 592 314 629 cerebri
337 603 433 634 esse,
464 590 596 638 quibus
621 600 752 637 corpus
776 587 1103 636 quadrigeminum,
1131 587 1161 623 si
1180 586 1272 623 forte
1295 586 1393 634 Rajis
1417 586 1477 628 sit,
1507 585 1740 628 contineatur,
1770 584 1960 621 contendit.

176 658 423 695 Ventriculum
450 656 593 693 tertium
621 656 656 692 in
685 653 887 703 peduneulo
919 653 1057 690 cerebri
1085 653 1131 689 ab
1161 652 1401 689 arachnoidea
1431 651 1628 688 obductum
1650 651 1758 700 ponit.
1799 651 1855 687 Ex
1874 651 1961 687 inse-

176 726 271 761 riore
305 730 408 773 parte
443 729 539 760 recte
576 722 739 771 exponit,
778 733 850 770 qua
883 721 1021 756 ratione
1059 731 1138 756 sese
1167 719 1325 756 habeant
1352 719 1427 755 lobi
1455 718 1640 754 inferiores
1671 724 1706 754 et
1732 717 1961 766 hypophysis

179 804 259 828 cum
289 803 394 828 sacco
423 789 620 827 vasculoso
650 789 818 836 utrinque
846 787 983 835 posito,
1014 799 1060 823 ex
1090 798 1162 835 quo
1192 786 1286 822 funis
1316 786 1546 822 tenuissimus
1576 784 1622 820 ad
1652 785 1810 820 cranium
1836 785 1960 832 pergit.

177 859 264 895 Item
288 858 435 905 jamjam
465 856 695 898 observavit,
724 853 958 902 hypophysin
989 865 1069 889 cum
1099 852 1357 902 appendicibus
1387 852 1640 894 intumescere,
1671 851 1700 887 si
1731 851 1809 899 quis
1835 850 1961 887 tubulo

178 926 322 961 tertium
350 924 384 959 in
414 922 654 960 ventriculum
684 926 803 957 aerem
833 920 939 956 inflat.

314 991 507 1038 Scarpae
532 986 555 1034 2)
594 988 636 1025 110
674 987 797 1024 auditu
831 994 865 1024 et
895 987 1029 1024 olfactu
1058 999 1149 1036 opus
1178 986 1275 1022 nulla
1304 986 1338 1021 in
1367 998 1405 1021 re
1433 985 1538 1021 nobis
1568 984 1734 1033 profecit,
1773 996 1882 1033 quum
1913 983 1962 1019 di-

179 1058 296 1095 versis
333 1056 527 1093 earundem
561 1056 716 1104 partium
744 1055 948 1091 nominibus
979 1055 1117 1090 animos
1147 1053 1348 1102 perturbet,
1385 1051 1489 1087 lobos
1520 1051 1658 1100 opticos
1687 1050 1796 1087 modo
1827 1050 1964 1086 cerebri

179 1124 471 1174 protuberantias
503 1122 676 1165 olivares,
719 1122 771 1165 (in
801 1122 909 1169 Raja)
947 1120 1056 1157 modo
1087 1121 1224 1157 cerebri
1252 1120 1381 1156 tubera
1410 1119 1546 1166 majora
1575 1118 1628 1161 (in
1656 1118 1785 1163 Lucio)
1815 1129 1964 1154 vocans,

180 1192 302 1228 Lobos
339 1201 545 1227 communes
582 1189 686 1238 quasi
722 1187 881 1225 stolones
918 1200 998 1224 esse
1035 1187 1171 1224 cerebri
1208 1186 1254 1223 ad
1289 1198 1422 1222 nervos
1459 1184 1686 1227 olfactorios,
1731 1184 1792 1232 qui
1821 1183 1965 1219 diversa

182 1257 278 1307 apud
314 1256 488 1305 Scyllium
525 1262 559 1292 ct
596 1255 744 1292 Galeum
781 1255 973 1298 diametro,
1016 1261 1209 1303 antequam
1245 1253 1279 1289 111
1318 1264 1478 1301 organon
1516 1251 1667 1287 olfactus
1703 1251 1848 1293 intrent,
1893 1262 1963 1285 uno

181 1324 325 1373 ganglio
356 1323 560 1360 semilunari
588 1335 719 1370 magno
751 1322 866 1358 ornati
896 1322 981 1365 sint,
1009 1320 1155 1369 judicat.

316 1386 592 1434 Harwood3)‚
621 1389 792 1437 Anglum,
823 1388 1013 1437 quominus
1036 1387 1174 1424 silentio
1195 1393 1480 1435 praetereamus,
1509 1385 1557 1421 nil
1575 1383 1738 1433 impedit3
1767 1396 1849 1420 nam
1873 1395 1964 1432 quae

184 1459 218 1494 in
249 1469 357 1506 opere
388 1469 454 1493 suo
484 1456 527 1493 de
551 1455 895 1504 Chondropterygiis
925 1454 1049 1498 tradit,
1078 1466 1150 1489 11011
1180 1466 1223 1489 ex
1254 1453 1408 1501 genuina
1438 1452 1694 1488 observatione
1714 1450 1861 1493 hausta,
1892 1450 1965 1493 sed,

185 1524 284 1573 quod
303 1525 380 1573 ipse
399 1524 541 1566 fatetur,
563 1535 606 1559 ex
628 1522 778 1558 aliorum
799 1521 979 1570 operibus,
999 1527 1039 1557 ut
1060 1521 1231 1563 Monro,
1261 1520 1459 1567 Camper,
1490 1518 1658 1555 Collins
1680 1523 1852 1565 congesta
1874 1522 1965 1552 sunt.

321 1590 458 1628 Summi
493 1596 612 1626 autem
647 1589 818 1625 momenti
851 1588 956 1625 nobis
994 1594 1048 1624 est
1077 1586 1280 1623 dissertatio
1309 1585 1528 1634 inauguralis
1558 1585 1604 1620 ab
1633 1580 1848 1632 Arsaky⁴)
1884 1595 1966 1619 con-

186 1658 334 1706 scripta,
372 1658 407 1692 in
445 1669 517 1705 qua
552 1656 828 1693 observationes
865 1655 932 1692 sub
961 1653 1176 1692 Meekelii
1211 1653 1377 1702 auspiciis
1415 1653 1508 1688 circa
1542 1664 1640 1688 mare
1669 1650 1967 1688 mediterraneum

184 1725 364 1761 institutas
392 1723 590 1772 reperimus
621 1722 814 1771 depositas.
863 1721 1281 1770 Chondropterygiorum
1311 1719 1372 1768 qui
1401 1725 1611 1767 serpiuntur,
1640 1719 1760 1754 icones
1790 1717 1968 1754 exhibuit:

184 1791 296 1839 Rajae
326 1789 565 1839 oxyrhynchi,
596 1788 821 1838 Torpedinis,
851 1788 977 1837 Squali
1006 1788 1123 1832 eatuli,
1154 1788 1346 1836 Zygaenae
1375 1785 1509 1829 mallei,
1541 1785 1761 1822 Carchariae.
1808 1784 1968 1833 Corpora

185 1858 401 1894 restisormia
437 1869 517 1893 cum
552 1856 626 1892 suis
663 1856 941 1892 intumescentiis
978 1854 1074 1903 apud
1110 1853 1347 1892 Ostaeanthos
1385 1859 1419 1889 et
1448 1852 1688 1901 Torpedinem
1726 1850 1967 1900 deprehendit,

186 1931 238 1967 at,
276 1923 375 1972 quod
409 1924 537 1960 mirum
574 1929 646 1966 est,
683 1922 827 1959 easdem
863 1928 1004 1970 partes,
1041 1934 1086 1957 ex
1123 1920 1254 1969 quibus
1289 1919 1394 1955 iidem
1428 1920 1547 1961 nervi,
1584 1925 1622 1955 ut
1651 1919 1686 1954 in
1714 1918 1780 1955 illis
1809 1918 1968 1966 piscibus

186 1991 374 2039 prodeunt,
405 1989 501 2038 apud
520 1990 629 2037 Rajas
653 1996 687 2025 01
710 1988 865 2037 Squalos
895 2001 961 2036 pro
981 1987 1189 2024 lateralibus
1211 1986 1375 2022 cerebelli
1395 1986 1558 2034 partibus
1579 1985 1698 2028 habet,
1729 1985 1892 2021 Cuvier
1902 1997 1923 2020 11
1933 1996 1967 2020 111

187 2058 414 2105 vituperans,
450 2055 567 2104 quod,
603 2055 673 2091 hoc
702 2056 817 2103 impar
854 2066 933 2090 esse
964 2053 1102 2090 dixerit.
1163 2053 1270 2101 Origo
1300 2052 1404 2100 hujus
1434 2052 1544 2100 partis
1575 2064 1621 2087 ex
1650 2051 1716 2087 illis
1747 2051 1778 2087 ei
1806 2051 1967 2086 innotuit.

187 2123 341 2172 Egregia
369 2122 557 2159 ventriculi
581 2122 699 2170 quarti
728 2120 938 2157 Carchariae
968 2119 1159 2168 descriptio
1190 2125 1254 2161 est,
1285 2119 1442 2154 omnium
1465 2118 1557 2154 enim
1577 2117 1731 2166 partium
1753 2118 1967 2153 mentionem

189 2189 504 2238 deprehendimus,
539 2201 630 2237 quos
660 2188 751 2224 infra
781 2186 1118 2235 contemplabimur3
1156 2197 1376 2234 quamquam
1404 2184 1654 2221 nonnullarum
1682 2196 1789 2220 usum
1818 2190 1851 2220 et
1880 2183 1967 2220 ulte-

188 2257 320 2292 riorem
349 2255 540 2293 decursum
575 2255 704 2291 certius
735 2254 972 2303 cognovimus
983 2250 1018 2298 ⁵).
1074 2251 1277 2289 Dolendum
1306 2258 1377 2295 cst,
1415 2251 1513 2300 quod
1542 2250 1645 2299 hujus
1674 2250 1785 2299 partis
1815 2256 1967 2286 structu-

333 2367 353 2410 ²)
384 2370 479 2401 Herm
509 2370 618 2400 Peter
648 2368 838 2411 Camper's
869 2368 998 2399 kleinere
1030 2366 1198 2403 Schriften,
1231 2366 1277 2397 die
1308 2366 1437 2397 Arznei-
1466 2365 1529 2396 und
1558 2364 1873 2401 Wundarzneikunst,
1906 2364 1969 2395 und

190 2423 387 2455 siirnehmlich
413 2422 459 2454 die
483 2422 750 2465 Naturgeschichte
774 2420 948 2453 betress'end.
987 2421 1122 2451 Zweiten
1141 2419 1257 2450 Bandes
1282 2420 1404 2450 zweites
1423 2418 1527 2450 Suick.
1565 2418 1698 2449 Deutsch
1722 2429 1782 2448 von
1806 2417 1966 2449 Herbcll.

190 2477 315 2520 Leipzig
341 2475 435 2508 1787.

333 2526 355 2570 ²)
385 2529 581 2560 Anatomicae
599 2529 823 2571 disquisitiones
841 2526 877 2559 de
894 2526 998 2558 auditu
1017 2532 1045 2557 et
1061 2525 1182 2563 olfactu,
1209 2531 1331 2556 auctore
1353 2525 1490 2556 Anton.
1512 2523 1664 2566 Scarpa.
1690 2523 1851 2555 Mediolani
1872 2522 1966 2555 1795.

332 2579 355 2622 ³)
386 2581 591 2618 Harwood,
618 2581 737 2624 Systein
763 2581 814 2612 der
839 2578 1086 2623 vergleichenden
1108 2579 1265 2610 Anatomie
1290 2577 1353 2609 und
1373 2578 1575 2620 Physiologie.
1616 2577 1681 2609 Ans
1708 2576 1773 2608 dem
1789 2576 1968 2619 Englischen

193 2636 346 2667 iibersetzt
368 2646 429 2666 von
454 2634 706 2666 NViedemann.
755 2634 854 2665 Berlin
881 2632 976 2665 1799.

333 2686 356 2728 ⁴)
387 2688 554 2730 Arsaky,
586 2688 631 2719 De
655 2688 781 2730 piscium
807 2686 929 2718 cerebro
955 2692 984 2718 et
1007 2685 1134 2717 medulla
1159 2685 1275 2728 spinali.
1323 2684 1406 2715 Halle
1434 2682 1527 2715 1813.

335 2739 357 2780 5)
388 2741 558 2773 Habenulas
583 2740 814 2784 longitudinalcs
840 2751 999 2782 corporum
1024 2738 1263 2782 pyramidalium,
1289 2744 1321 2769 ut
1347 2737 1482 2779 exemplo
1507 2743 1583 2771 utar.
1605 2736 1667 2777 jam
1692 2734 1767 2767 infra
1793 2736 1968 2768 cerebellum

195 2795 270 2826 finiri
281 2819 288 2831 ‚
317 2794 464 2837 perhibet.
