2166 3084
1036 134 1092 174 38

182 263 303 299 cranio
340 260 625 298 animadvertere
660 260 750 297 licet.
804 261 982 298 Parietem
1013 262 1281 310 cartilagineum
1309 259 1492 299 lateralem
1522 262 1665 299 demum
1693 271 1898 312 recuperat,
1935 266 1965 302 si

182 341 246 377 per
281 328 443 364 foramen
477 339 649 375 parvum,
693 338 803 376 supra
838 326 989 372 dictum,
1030 329 1065 364 in
1103 328 1286 378 capsulam
1316 329 1426 365 cranii
1455 329 1669 366 anteriorem
1697 329 1860 374 intravit,
1903 331 1966 367 ubi

181 394 326 431 tandem
355 394 389 430 in
417 393 524 430 lobos
554 405 760 429 communes
789 394 917 430 transit
935 391 968 440 ¹).

318 459 421 508 Quod
456 459 501 495 ad
535 459 688 508 figuram
717 460 939 508 singulorum
967 460 1136 497 loborum
1165 473 1363 510 eorumque
1390 461 1617 498 fibrationem
1647 462 1789 505 attinet,
1826 473 1966 499 summa

183 525 376 564 similitudo
420 538 500 562 cum
541 525 735 574 encephalo
777 527 929 575 piscium
970 527 1126 564 maxime
1168 527 1346 571 affinium,
1388 528 1733 576 Plagiostomorum,
1775 528 1965 565 iuvenitur.

181 592 339 630 Medulla
367 593 460 629 enim
490 592 697 641 oblongam,
731 593 822 629 sicut
850 593 885 629 in
913 592 985 637 his,
1014 594 1170 630 maxime
1200 600 1253 630 est
1282 594 1445 638 evoluta,
1473 595 1680 644 pariterque
1708 595 1743 631 in
1771 601 1845 631 tres
1874 595 1966 631 funi-

183 659 282 696 culos
324 659 502 707 principes
546 658 687 695 secedit.
742 659 882 695 Horum
920 660 1132 707 praesertim
1166 672 1320 709 corpora
1352 660 1571 697 restiformia
1608 673 1630 697 a
1663 661 1836 710 principio
1873 660 1965 697 adeo

183 737 307 762 crassa
336 731 428 768 sunt,
457 731 497 761 ut
524 737 654 773 magna
684 736 808 761 eorum
836 725 1108 762 intumescentia
1128 726 1237 762 modo
1267 727 1438 775 exiguam
1466 727 1657 763 ventriculi
1685 728 1804 776 quarti
1829 728 1966 776 portio-

181 804 262 828 nem
299 797 460 840 apertam
494 788 730 839 relinquat2).
786 791 940 828 Ratione
976 798 1096 828 autem
1132 792 1256 828 habita
1291 805 1467 841 gyrorum
1498 792 1680 837 fimbriae,
1722 794 1830 829 ambo
1860 793 1965 841 hujus

180 857 334 894 familiae
363 869 496 906 genera
525 857 707 893 differunt:
737 857 834 906 apud
863 857 1153 906 Calorhynchum
1181 858 1362 895 habenula
1390 860 1459 896 ista
1487 858 1691 895 medullaris
1719 859 1848 896 leviter
1872 866 1967 896 torta

182 930 386 960 antrorsum
415 923 544 967 tendit„
582 924 673 959 sicut
702 923 800 972 apud
826 924 1112 972 Plagiostomos,
1148 931 1188 961 ut
1217 924 1344 962 deinde
1371 931 1570 961 retrorsum
1599 926 1724 962 subter
1752 925 1967 962 cerebellum

180 990 399 1033 reflectatur;
437 989 533 1038 apud
562 989 786 1027 Chimaeram
822 1003 911 1027 vero
941 1003 1013 1027 non
1047 991 1275 1028 mediocriter
1302 991 1372 1028 huc
1401 991 1482 1028 illuc
1510 989 1757 1040 torquetur³).
1815 992 1965 1035 Cavuin,

180 1056 338 1093 medulla
381 1056 578 1105 oblongata
616 1056 810 1100 inclusum,
853 1057 997 1093 omnino
1034 1058 1274 1095 ventriculum
1311 1065 1480 1107 quartum
1516 1058 1735 1107 Squalorum
1770 1058 1965 1107 adaequat:

182 1123 381 1159 offeruntur
409 1122 514 1159 nobis
544 1122 636 1159 duae
664 1122 882 1167 habenulae,
915 1123 1191 1173 longitudinales
1221 1124 1376 1168 mediae,
1414 1124 1514 1161 sulco
1550 1131 1777 1173 segregatae,
1808 1136 1901 1173 quae
1930 1125 1965 1160 in

181 1189 272 1226 Tab.
301 1189 338 1225 ΙΙ.
379 1189 437 1237 fig.
468 1191 491 1224 8
521 1200 540 1227 7
577 1189 861 1238 conspiciuntur,
904 1196 938 1227 et
974 1203 1066 1240 quae
1102 1203 1167 1239 per
1203 1191 1314 1227 fibras
1352 1204 1432 1227 cum
1469 1203 1591 1228 massa
1619 1191 1822 1235 medullari,
1860 1192 1966 1239 juxta

180 1256 309 1304 posita,
339 1254 539 1291 cohaerent.
582 1256 647 1292 Hic
677 1268 824 1305 quoque
853 1257 1108 1305 Pyramidibus
1138 1257 1378 1306 assignandae
1407 1264 1500 1301 sunt,
1530 1264 1574 1301 et,
1605 1270 1715 1307 quum
1743 1257 1965 1306 pedunculos

182 1322 320 1358 cerebri
355 1322 591 1365 constituant,
627 1322 672 1358 ad
708 1322 935 1360 formandam
967 1324 1163 1373 principem
1193 1323 1377 1373 encephali
1404 1336 1562 1360 massam
1592 1324 1788 1360 conserunt.
1844 1324 1967 1360 Tuber

182 1394 286 1425 extra
321 1399 382 1424 eas
416 1387 590 1431 locatum,
626 1388 722 1437 apud
756 1389 865 1437 Rajas
900 1389 1022 1434 laeve,
1056 1390 1112 1427 hic
1145 1391 1279 1439 pariter
1313 1397 1422 1439 atque
1455 1390 1552 1439 apud
1581 1390 1738 1439 Squalos
1769 1391 1966 1427 eminentiis

182 1454 406 1502 elegantibus
447 1455 715 1502 margaritaceis
757 1456 932 1492 munitum
975 1463 1046 1500 est,
1089 1469 1243 1506 quarum
1286 1458 1445 1506 quinque
1480 1463 1722 1493 numerantur.
1779 1455 1884 1505 Quod
1919 1456 1967 1492 ad

182 1520 398 1558 cerebellum
425 1521 588 1569 pertinet,
618 1521 769 1569 figuram
798 1523 977 1566 sectionis,
1008 1535 1117 1572 quam
1136 1523 1351 1560 Valentin
1380 1523 1473 1559 iconi
1502 1522 1648 1567 addidit,
1678 1535 1758 1559 cum
1787 1535 1829 1559 ea
1853 1523 1966 1571 Rajae

180 1587 359 1629 radiatae,
397 1599 505 1635 quam
542 1587 708 1636 equidem
743 1588 889 1624 exhibui
927 1588 1030 1634 (Tab.
1059 1590 1082 1626 Ι.
1125 1590 1182 1638 fig.
1213 1592 1236 1626 4
1267 1591 1328 1635 d),
1371 1590 1572 1638 comparari
1599 1589 1723 1634 velim,
1765 1601 1838 1638 quo
1867 1589 1964 1626 sacto

180 1665 269 1689 mox
296 1653 443 1702 patebit,
472 1653 577 1702 plane
607 1654 734 1691 eodem
761 1654 881 1698 modo,
912 1667 984 1704 quo
1015 1655 1111 1704 apud
1131 1656 1405 1705 Plagiostomos,
1434 1656 1597 1692 fimbriae
1626 1668 1784 1693 massam
1806 1656 1841 1692 in
1865 1668 1960 1692 cerc-

180 1719 315 1756 bellum
335 1720 444 1763 abire,
472 1719 510 1756 id
530 1720 629 1768 quod
647 1721 681 1757 V
690 1720 858 1758 alentin
886 1721 983 1758 haud
1007 1722 1230 1766 observavit,
1257 1722 1382 1759 lobum
1401 1722 1590 1760 ventriculi
1608 1722 1701 1759 tertii
1722 1721 1963 1768 (cerebellum)

181 1798 200 1823 e
231 1786 316 1822 solis
351 1785 511 1834 petiolis,
555 1786 601 1822 ad
636 1787 793 1824 medium
828 1788 1024 1825 funiculum
1060 1789 1256 1838 principem
1290 1789 1466 1826 medullae
1504 1788 1721 1837 oblongatae
1756 1788 1963 1833 referendis,

182 1852 275 1896 oriri,
304 1864 519 1901 persuasum
546 1852 695 1890 habens.

314 1919 405 1955 Lobi
440 1919 548 1967 optici
584 1919 726 1964 eadem,
763 1932 836 1969 qua
872 1920 968 1969 apud
1005 1921 1178 1969 Squalos,
1215 1922 1353 1958 ratione
1389 1922 1607 1965 formantur,
1644 1934 1756 1970 quare
1788 1920 1963 1958 lectorum

181 1985 319 2021 animos
349 1985 395 2021 ad
424 1985 700 2034 descriptionem
730 1999 838 2035 supra
868 1987 999 2023 editam
1028 1988 1190 2031 attendo;
1228 1989 1309 2024 cavi
1338 1989 1444 2025 etiam
1474 1994 1566 2031 sunt,
1598 2000 1794 2036 eorumque
1825 1989 1962 2024 cavitas

180 2063 246 2099 per
287 2050 550 2087 infundibulum
588 2064 668 2088 cum
702 2052 870 2088 loborum
904 2053 1113 2089 inferiorum
1151 2066 1243 2090 cavo
1280 2055 1535 2097 communicat,
1579 2061 1616 2090 at
1650 2055 1684 2090 in
1722 2055 1898 2090 anteriore
1928 2060 1963 2090 et

180 2116 299 2153 media
327 2124 439 2165 parte,
471 2118 636 2166 utrinque
666 2118 783 2155 aditus
814 2118 859 2155 ad
887 2118 1167 2163 infundibulum,
1195 2119 1302 2156 tuber
1329 2120 1426 2156 haud
1454 2120 1633 2157 mediocre
1662 2121 1833 2168 assurgit,
1864 2119 1963 2169 quod

180 2183 293 2220 fibrae
326 2183 426 2219 sundi
453 2183 528 2219 lobi
558 2185 665 2232 optici
692 2185 866 2228 formant,
901 2192 935 2221 et
965 2185 1063 2234 quod
1087 2186 1161 2233 jam
1189 2186 1404 2223 Valentin
1439 2187 1474 2222 in
1504 2187 1619 2235 figura
1647 2186 1870 2223 dissectionis
1901 2186 1961 2223 de-

180 2249 337 2286 lineavit.
393 2251 483 2286 Lobi
517 2250 702 2287 inferiores
734 2250 790 2287 hic
818 2251 968 2289 relative
997 2252 1153 2289 minores
1183 2259 1282 2296 sunt,
1320 2265 1428 2302 quam
1457 2253 1554 2302 apud
1581 2253 1861 2301 Plagiostomos,
1897 2252 1962 2289 sed

181 2316 319 2364 apicem
347 2315 575 2365 hypopliysis
605 2318 696 2354 inter
724 2329 779 2361 se,
809 2318 966 2355 chiasma
995 2331 1191 2356 nervorum
1221 2320 1421 2368 opticorum
1451 2326 1532 2356 ante
1562 2332 1600 2356 se
1629 2320 1787 2368 positum
1816 2319 1959 2356 habent.

179 2382 348 2418 Proxime
386 2389 467 2419 ante
496 2383 602 2419 lobos
633 2384 772 2432 opticos
801 2385 893 2421 mira
920 2384 980 2421 illa
1008 2385 1153 2434 ganglia
1180 2386 1318 2423 minuta
1347 2386 1488 2430 sedent,
1525 2398 1617 2435 quae
1645 2386 1744 2435 prius
1774 2385 1961 2422 tubercula

181 2448 368 2485 olfactoria
402 2449 646 2493 vocabantur,
683 2456 718 2487 et
753 2463 797 2487 ex
835 2451 967 2499 quibus
997 2452 1100 2488 nervi
1131 2452 1306 2489 olsactorii
1339 2453 1518 2501 proficisci
1545 2452 1765 2501 putabantur
1780 2448 1821 2497 ⁴).
1877 2453 1958 2490 Jain

323 2573 342 2616 ¹)
373 2576 462 2607 Haud
487 2576 576 2608 dubie
600 2576 662 2608 lobi
686 2584 757 2609 sunt
781 2589 961 2617 communes,
988 2590 1064 2623 quos
1086 2579 1114 2611 J.
1131 2580 1291 2612 Mueller
1314 2582 1398 2622 prius
1421 2579 1502 2622 apud
1518 2579 1599 2611 aliud
1616 2578 1790 2612 Chimaerae
1808 2580 1957 2622 exemplar

180 2637 235 2669 pro
259 2627 360 2659 bulbis
385 2628 548 2660 olfactoriis
571 2630 726 2662 habuerat.

321 2678 343 2721 2)
373 2681 451 2713 Tab.
475 2682 507 2713 ΙΙ.
547 2682 596 2725 fig.
622 2683 642 2714 8
667 2695 697 2714 α.

319 2731 342 2774 ³)
373 2734 450 2765 Tab.
475 2735 508 2766 ll.
547 2735 596 2778 fig.
623 2735 643 2767 8
667 2747 726 2767 αα.

321 2784 343 2825 ¹¹)
374 2787 450 2818 Tab.
476 2788 508 2819 II.
548 2788 597 2831 fig.
624 2788 642 2819 7
668 2799 693 2819 0.
