2166 3084
1028 149 1084 189 27

173 278 358 322 videmus3
403 285 527 315 contra
564 279 598 315 in
634 279 727 315 linea
760 278 924 315 mediana
953 278 1044 315 duae
1073 278 1274 315 habenulae
1302 278 1516 316 medullares
1546 279 1674 328 longae
1705 280 1956 324 observantur,

174 357 279 393 quae,
308 352 348 382 ut
375 345 432 394 fig.
464 347 497 382 7.
527 345 699 388 ostendit,
728 345 969 381 immediatam
999 345 1302 381 continuationem
1329 345 1588 382 habenularum
1617 345 1813 383 mediarum
1843 347 1956 396 longi-

174 411 384 447 tudinalium
422 424 440 448 e
478 411 557 448 sinu
594 411 830 447 rhomboideo
867 411 1036 448 exhibent
1073 412 1142 457 (7');
1184 411 1331 448 eaedem
1368 413 1456 448 citra
1490 413 1722 449 mutationem
1758 425 1874 462 usque
1911 415 1957 451 ad

173 477 281 514 finem
309 478 521 514 anteriorem
551 477 719 514 loborum
749 478 949 526 opticorum
978 477 1250 526 protenduntur,
1279 478 1342 514 ubi
1371 490 1417 515 ex
1446 479 1619 527 cujusque
1647 479 1757 516 latere
1779 481 1955 517 exteriore

172 543 344 580 fibrarum
372 543 565 580 fasciculus
594 544 713 591 prodit
743 545 814 589 (ζ),
844 545 906 593 qui
934 545 1088 593 primum
1116 544 1420 593 perpendicularis
1449 544 1652 589 adscendit,
1681 545 1808 582 deinde
1837 553 1957 583 autem

173 610 305 658 angulo
348 617 446 646 recto
487 610 672 658 paululum
717 610 922 647 obrotnndo
958 611 1151 647 introrsum
1187 610 1315 654 tendit,
1360 611 1424 647 ubi
1457 623 1537 647 011111
1571 611 1683 648 altero
1719 613 1955 649 consociatur.

173 676 253 713 Tali
294 676 402 712 modo
446 683 551 725 porta
593 677 856 721 conformatur,
899 678 1023 714 subter
1058 689 1167 726 quam
1202 679 1317 726 major
1351 677 1612 714 habenularum
1648 678 1956 726 longitiulinalium

171 754 267 791 pars,
296 743 434 779 interna
463 756 600 792 nempe,
631 751 835 780 antrorsum
864 745 989 793 pergit,
1020 756 1129 792 quam
1158 744 1249 780 insra
1276 744 1418 793 longius
1444 756 1652 793 persequar.
1694 744 1828 781 Eadem
1851 752 1956 793 porta

172 810 423 846 commercium
469 817 550 846 ante
586 810 717 847 dictum
754 811 918 847 cavitatis
952 810 1120 847 loborum
1159 811 1358 859 opticorum
1396 823 1475 847 cum
1512 811 1675 860 partibus
1713 818 1795 848 ante
1829 811 1954 848 locatis

172 875 332 912 efficitur.

308 943 440 980 Subter
466 943 535 979 hoc
562 944 641 992 ipso
671 943 751 980 loco
779 956 934 992 parvum
964 951 1081 980 exstat
1110 943 1282 987 foramen,
1313 944 1571 981 divaricatione
1598 944 1857 981 habenularum
1878 945 1954 980 lon-

171 1008 418 1057 gitudinalium
447 1022 465 1046 e
495 1010 707 1059 corporibus
736 1010 1020 1059 pyramidalibus
1042 1011 1096 1056 (γ)
1125 1011 1329 1053 formatum,
1358 1023 1422 1059 per
1449 1010 1547 1059 quod
1566 1011 1734 1047 loborum
1756 1011 1955 1059 opticorum

173 1087 304 1113 cavum
333 1088 414 1112 cum
442 1076 568 1113 tubulo
597 1077 873 1114 membranaceo
903 1078 1000 1114 initio
1030 1078 1137 1121 tenui,
1169 1076 1407 1120 infundibulo,
1436 1076 1613 1121 cohaeret,
1643 1078 1698 1113 cui
1726 1077 1954 1126 hypophysis

173 1142 310 1178 cerebri
338 1142 476 1180 insidet.
521 1144 618 1191 Quae
647 1144 771 1180 relatio
802 1156 881 1180 cum
911 1156 980 1180 non
1009 1145 1152 1180 omnino
1181 1143 1333 1192 simplex
1360 1144 1414 1187 sit,
1445 1144 1556 1180 satius
1584 1151 1648 1187 est,
1678 1150 1754 1180 tota
1776 1145 1955 1180 exteriora

171 1208 275 1245 faciei
304 1209 481 1246 inferioris
511 1216 616 1246 antea
644 1211 780 1246 intueri.

307 1276 464 1312 Maxime
494 1276 641 1312 evoluta
668 1276 756 1313 haec
786 1276 968 1325 encephali
996 1277 1114 1325 portio
1143 1276 1420 1325 deprehenditur
1448 1276 1543 1324 apud
1579 1277 1776 1325 Scymnum
1804 1276 1954 1320 lichiam,

173 1354 286 1390 quare
323 1342 370 1378 ab
406 1342 474 1379 hoc
511 1342 703 1379 ordiamur.
759 1343 797 1379 In
834 1343 943 1379 cranii
978 1343 1183 1391 cartilagine
1217 1343 1399 1386 inferiore,
1437 1342 1566 1379 ablatis
1594 1343 1744 1379 lamellis
1774 1345 1953 1387 extremis,

173 1407 263 1444 duas
293 1409 441 1445 arterias
470 1409 636 1446 videmus
666 1409 854 1446 decurrere
884 1410 994 1454 (Tab.
1014 1409 1052 1446 ΙΙ.
1086 1410 1144 1458 fig.
1166 1411 1188 1446 4
1212 1410 1267 1455 η),
1298 1421 1390 1457 quae
1419 1415 1587 1445 arcuatae
1615 1410 1648 1445 in
1678 1410 1829 1446 brevem
1857 1417 1954 1446 trun-

173 1474 291 1511 culum
323 1482 452 1512 coeunt
481 1477 547 1521 (3).
591 1477 657 1524 Qui
687 1476 829 1525 quidem
858 1483 1016 1520 truncus,
1046 1475 1432 1519 ε1111101·31111110111101137
1462 1488 1623 1524 organon
1645 1476 1955 1513 rotundiusculum

173 1542 282 1578 cranii
319 1542 524 1590 cartilagine
561 1542 737 1579 inclusum
775 1543 913 1591 attingit
942 1544 1008 1588 (ι),
1047 1542 1144 1591 quod
1179 1549 1294 1579 totum
1322 1542 1396 1579 fere
1426 1555 1471 1579 ex
1498 1543 1599 1579 vasis
1629 1543 1841 1591 sanguiseris
1871 1556 1955 1580 con-

171 1609 269 1645 stitui
297 1608 441 1645 videtur
470 1616 504 1646 et
532 1610 567 1646 in
597 1622 669 1658 quo
699 1609 758 1646 illa
787 1610 931 1653 arteria,
961 1609 1221 1646 distributionis
1250 1610 1397 1658 aptioris
1425 1621 1534 1645 causa
1554 1610 1587 1645 in
1609 1609 1699 1646 duos
1720 1622 1840 1646 ramos
1860 1611 1955 1658 prin-

172 1675 268 1724 cipes
304 1675 459 1724 dilapsa,
497 1675 659 1712 solvitur.
716 1675 885 1725 Organon
920 1676 1005 1712 illud
1040 1676 1274 1713 vasculosum
1308 1688 1389 1712 cum
1418 1675 1529 1712 altero
1560 1675 1709 1713 eandem
1739 1683 1955 1713 structuram

170 1741 325 1779 habente
354 1743 474 1778 intime
505 1742 688 1786 cohaeret,
726 1743 842 1791 quod,
878 1744 912 1778 in
941 1743 1020 1792 ipso
1051 1743 1160 1779 cranii
1189 1754 1281 1779 cavo
1310 1743 1484 1791 positum,
1520 1743 1634 1779 antire
1662 1743 1784 1787 latius,
1818 1744 1955 1791 postice

173 1809 312 1845 acutius
347 1815 506 1858 apparet.
564 1809 769 1847 Secundum
804 1809 872 1846 hoc
911 1822 1072 1858 organon
1109 1816 1205 1846 arcte
1237 1810 1400 1857 junctum
1436 1815 1490 1845 031
1526 1821 1606 1845 cum
1636 1809 1779 1846 duobus
1810 1810 1954 1858 organis

174 1876 333 1924 oblongo
363 1875 658 1919 rotundiusculis,
688 1876 814 1912 eadem
843 1883 1021 1912 structura
1048 1875 1236 1924 praeditis,
1266 1882 1471 1912 antrorsum
1498 1875 1533 1911 in
1563 1875 1676 1920 aliud,
1712 1882 1746 1912 et
1773 1876 1890 1913 forma
1919 1883 1955 1914 et

172 1942 311 1979 fabrica
346 1942 377 1978 ei
414 1943 581 1991 aequale,
617 1943 816 1979 immittitur
845 1943 909 1988 (κ).
968 1944 1127 1991 Quorum
1161 1942 1324 1978 ultimum
1358 1943 1449 1978 inter
1477 1942 1604 1978 ambos
1633 1942 1739 1979 lobos
1768 1943 1954 1980 inferiores

172 2009 315 2052 residet,
346 2021 498 2057 superne
526 2009 752 2045 infundibulo
782 2009 992 2049 adnectitur,
1023 2021 1134 2057 qnare
1162 2021 1228 2058 pro
1257 2008 1467 2057 hquphysi
1494 2015 1614 2057 potest
1641 2008 1777 2046 haberi.
1828 2010 1955 2046 Cetera

173 2082 329 2124 quatuor
358 2087 494 2123 organa
523 2088 603 2112 cuni
633 2088 675 2112 eo
706 2082 767 2112 aut
796 2076 948 2112 mediate
975 2082 1037 2112 aut
1062 2075 1264 2112 immediate
1292 2075 1527 2119 cohaerentia,
1557 2087 1711 2123 qnorum
1732 2076 1800 2112 tria
1819 2076 1854 2112 in
1874 2076 1953 2125 ipso

173 2142 281 2178 cranii
312 2153 416 2184 caVO,
446 2149 613 2190 quartum
640 2142 675 2178 in
706 2143 815 2178 cranii
845 2142 1050 2190 cartilagine
1078 2143 1197 2190 posita
1226 2148 1318 2185 sunt,
1346 2142 1490 2190 pariter‘
1503 2141 1549 2178 ad
1567 2141 1811 2190 hypophysin‚
1841 2154 1951 2191 quum

174 2208 298 2245 eadem
329 2214 508 2244 structura
537 2208 724 2252 excellant,
752 2209 953 2245 referantur
981 2220 1128 2245 necesse
1158 2209 1231 2245 erit.

308 2275 389 2311 Non
428 2286 551 2311 omnes
587 2281 707 2311 autem
736 2274 861 2323 Squali
897 2274 1008 2310 dictas
1044 2281 1165 2323 partes
1202 2274 1328 2310 eodem
1363 2273 1478 2322 gradu
1507 2273 1671 2310 evolutas
1701 2273 1843 2310 habent.
1898 2275 1951 2311 In-

172 2349 337 2378 tueamur
372 2341 498 2377 faciem
533 2341 737 2378 inferiorem
774 2340 956 2390 encephali
992 2337 1264 2385 Carchariae¹):
1308 2340 1429 2377 ablato
1464 2340 1630 2377 inferiore
1667 2341 1773 2376 cranii
1806 2342 1951 2389 pariete,

174 2420 336 2456 organon
367 2420 512 2456 quoque
540 2408 861 2452 rotundiusculum,
889 2408 924 2444 in
952 2420 994 2444 eo
1021 2408 1188 2456 positum,
1218 2407 1375 2443 demtum
1402 2413 1437 2444 et
1459 2407 1505 2443 ab
1526 2407 1704 2443 anteriore
1723 2407 1951 2456 hypophysis

171 2481 274 2523 parte
312 2481 540 2522 segregatum
576 2481 640 2511 est.
697 2475 794 2522 Quae
830 2486 919 2512 vero
956 2474 1148 2523 simplicior
1186 2480 1257 2517 est,
1295 2486 1404 2522 quam
1433 2474 1596 2522 Scymni,
1634 2480 1773 2510 constat
1808 2474 1950 2510 duobus

172 2541 267 2577 lobis
302 2540 509 2576 lateralibus
538 2541 769 2577 brevioribus
800 2548 834 2577 et
862 2540 979 2577 medio
1008 2540 1186 2588 longiore,
1222 2540 1387 2576 laterales
1417 2540 1461 2576 ad
1490 2540 1595 2576 lobos
1623 2540 1808 2576 inferiores
1837 2541 1950 2588 porri-

174 2614 322 2656 guntur,
358 2607 512 2650 medius,
549 2607 665 2643 forma
693 2607 864 2655 lingulata
893 2607 1123 2655 conspicuus,
1152 2606 1249 2643 initio
1278 2607 1368 2643 inter
1396 2618 1458 2643 eos
1488 2606 1658 2649 decurrit,
1693 2606 1832 2654 longius
1861 2619 1950 2643 vero

175 2680 379 2709 antrorsum
416 2674 507 2710 inter
538 2673 643 2710 lobos
673 2674 859 2710 inferiores
888 2674 1085 2710 immittitur
1114 2680 1147 2710 et
1177 2686 1255 2709 cum
1285 2673 1338 2709 his
1369 2673 1414 2709 ad
1444 2672 1609 2709 Chiasma
1637 2685 1831 2709 nervorum
1861 2674 1950 2721 opti-

318 2812 337 2854 ¹)
369 2814 445 2846 Tab.
471 2815 514 2845 Ill.
555 2815 604 2857 fig.
631 2814 649 2846 5
668 2814 695 2845 Ῐι,
