2166 3084
1040 143 1096 182 37

172 273 257 323 quid
287 279 405 309 autem
430 271 663 320 judicandum
692 277 769 308 erat
798 270 842 307 de
870 271 1065 308 tuberculis
1095 271 1162 307 illis
1192 271 1332 320 exiguis
1362 269 1654 318 anterioribus¹),
1689 273 1780 310 adeo
1811 274 1956 323 quidem

176 340 331 383 minutis,
360 345 400 375 ut
426 338 569 374 minime
599 337 646 374 ad
675 337 943 374 constituendos
973 337 1152 374 funiculos
1183 349 1337 382 crassos,
1368 339 1429 387 qui
1456 340 1557 376 nervi
1582 339 1757 376 olfactorii
1777 341 1960 378 existima-

176 407 319 449 bantur,
349 404 569 447 sufficerent3
598 404 711 452 major
740 404 832 440 enim
860 403 989 440 harum
1016 404 1191 440 fibrarum
1218 416 1302 453 pars
1332 417 1353 441 a
1380 404 1473 441 lobis
1504 406 1628 454 opticis
1658 411 1850 455 repetenda
1874 418 1959 448 erat,

179 473 294 521 Quum
322 471 430 520 paulo
458 476 543 519 post
570 470 606 505 in
636 470 752 518 capite
780 470 920 518 integro
945 470 1187 519 Calorhynchi
1209 470 1399 507 decursum
1421 472 1522 508 nervi
1542 473 1718 521 trigemini
1738 488 1802 524 per
1823 477 1961 514 sulcum

174 538 295 587 pontis
332 536 550 585 cartilaginei
585 537 743 584 supremi
778 548 1034 585 persequerer,
1072 536 1164 573 sorte
1200 549 1338 574 novum
1372 537 1498 574 lobum
1533 540 1750 577 cerebralem
1780 555 1960 591 magnum,

176 617 241 653 per
269 602 529 651 cartilaginem,
565 602 749 639 subditum
783 602 912 639 detexi.
967 602 1122 639 Reclusa
1151 603 1358 652 cartilagine
1388 604 1497 640 cranii
1525 604 1677 650 laterali,
1715 609 1851 656 species
1881 621 1961 646 sese

179 669 323 713 obtulit,
357 681 466 718 quam
495 669 586 705 Tab.
614 668 652 705 II.
698 668 755 717 fig.
786 670 808 705 9
840 668 996 705 exhibet.
1054 669 1171 707 Cranii
1200 670 1459 719 cartilaginem,
1489 683 1582 720 quae
1610 680 1749 721 partem
1779 675 1961 723 encephali

178 736 294 773 adhuc
322 736 422 784 tegit,
452 734 576 771 oculos
607 741 671 772 etc.
701 735 807 772 simul
836 735 1067 773 delineandos
1099 737 1234 780 curavi,
1264 749 1336 785 quo
1366 737 1492 774 melius
1521 738 1745 787 intelligatur,
1780 753 1960 789 quaenam

177 804 268 839 inter
297 801 481 851 encephali
510 803 616 838 situm
646 808 681 838 et
709 802 800 838 inter
829 803 987 838 cranium
1014 803 1171 839 rationes
1197 803 1427 840 intercedant.
1474 805 1660 842 Postrema
1681 807 1788 843 cranii
1807 820 1891 856 pars
1909 809 1959 853 (as)

177 869 370 906 medullam
406 868 656 917 oblongatam,
693 868 924 912 cerebellum,
961 869 1066 905 lobos
1103 870 1242 918 opticos
1278 882 1358 906 cum
1392 870 1555 919 partibus
1592 871 1886 917 adhaerentibus,
1922 882 1961 910 ut

178 936 303 985 paucis
333 935 459 978 dicam,
489 935 609 971 onmia
637 934 795 978 includit,
825 947 917 983 quae
946 942 1092 972 auctore
1115 936 1326 972 valentin
1357 937 1572 985 completum
1602 938 1758 976 efficiunt
1786 940 1960 988 encepha—

177 1002 260 1039 lum.
315 1001 400 1038 Inde
429 1014 451 1038 a
478 1001 573 1037 lobis
608 1002 733 1050 optieis
764 1001 836 1037 duo
865 1001 1028 1045 funiculi,
1065 1002 1305 1039 arachnoidea
1334 1003 1479 1039 obducti
1518 1004 1641 1048 (nervi
1671 1005 1845 1042 olfactorii
1874 1007 1960 1043 Va-

177 1069 352 1114 lentin),
398 1068 444 1104 ad
483 1068 639 1116 spatium
675 1080 806 1105 cavum
843 1067 1000 1116 amplum
1035 1068 1252 1117 procedunt,
1295 1069 1393 1118 quod
1429 1070 1464 1105 in
1500 1071 1677 1107 anteriore
1713 1072 1821 1107 cranii
1858 1079 1960 1120 parte

178 1134 311 1171 residet
340 1134 403 1184 (y)
440 1141 475 1171 et
511 1135 545 1171 in
583 1146 625 1172 ea
660 1140 798 1170 tantum
832 1135 995 1183 regione,
1033 1135 1067 1171 in
1104 1147 1176 1184 qua
1215 1135 1338 1172 dentes
1374 1136 1542 1173 maxillae
1571 1138 1765 1186 superioris
1796 1138 1959 1182 subsunt,

179 1207 281 1250 septo
311 1202 353 1246 (z)
384 1201 607 1249 disjungitur.
657 1201 738 1237 Jam
768 1201 801 1236 in
831 1201 946 1249 primo
977 1201 1104 1238 triente
1133 1201 1238 1250 hujus
1268 1203 1372 1250 spatii
1401 1203 1547 1239 funiculi
1576 1203 1623 1239 illi
1652 1204 1685 1239 in
1716 1204 1787 1240 duo
1816 1205 1961 1253 ganglia

176 1267 448 1305 rotundiuseula
475 1267 724 1304 tumescebant
752 1267 811 1312 (a),
842 1280 860 1304 e
891 1268 1022 1316 quibus
1052 1280 1248 1305 nervorum
1276 1281 1342 1317 par
1371 1276 1575 1305 antrorsum
1603 1271 1786 1318 pergebat.
1843 1272 1960 1319 Quum

176 1335 330 1384 primum
367 1333 511 1382 ganglia
547 1333 619 1369 duo
655 1334 916 1381 conspicerem,
959 1347 1116 1371 errorem
1153 1334 1341 1371 diremtum
1378 1336 1597 1372 existimavi:
1643 1336 1734 1373 duos
1770 1337 1957 1381 funiculos,

178 1402 307 1450 partim
336 1413 354 1437 e
383 1400 477 1436 lobis
507 1400 643 1448 opticiS,
671 1400 801 1447 partim
830 1413 874 1436 ex
905 1401 1028 1449 parvis
1056 1401 1122 1437 illis
1150 1400 1343 1437 tuberculis
1369 1402 1533 1444 orientes,
1563 1402 1700 1438 cerebri
1720 1403 1959 1451 pedunculum

180 1467 349 1504 exhibere
378 1466 569 1515 oportebat
598 1467 762 1514 (ingentis
792 1469 867 1515 ejus
895 1467 1126 1515 longitudinis
1154 1467 1444 1516 probabilitatem
1473 1469 1582 1504 sectio
1610 1469 1791 1517 encephali
1813 1470 1960 1518 Scymni

178 1533 303 1570 lichiae
330 1533 560 1577 testabatur),
591 1532 662 1569 duo
691 1533 750 1569 illa
778 1534 921 1582 ganglia
951 1534 1070 1582 ampla
1097 1533 1204 1569 lobos
1234 1546 1451 1577 communes,
1481 1535 1583 1571 nervi
1612 1547 1657 1571 ex
1686 1535 1726 1571 iis
1757 1543 1959 1572 antrorsum

178 1607 367 1649 pergentes
396 1612 529 1636 nervos
559 1599 765 1636 olfactorios
796 1600 1070 1637 constituebant.

315 1667 412 1714 Quae
445 1667 535 1702 ratio
565 1666 662 1715 apud
692 1666 980 1715 Calorhynchum
1009 1666 1293 1710 observabatur,
1330 1666 1472 1703 levibus
1502 1668 1660 1716 exceptis
1689 1668 1959 1705 modificationi-

177 1734 263 1777 bus,
299 1744 444 1782 quoque
478 1732 575 1781 apud
604 1732 827 1769 Chimaeram
856 1733 1073 1782 reperiretur
1100 1745 1248 1769 necesse
1278 1740 1369 1776 erat3
1404 1733 1440 1769 id
1469 1733 1567 1782 quod
1597 1734 1844 1770 confirmatum
1873 1735 1959 1778 vidi,

179 1812 288 1850 quum
318 1799 472 1848 primum
502 1805 609 1847 caput
636 1800 813 1848 integrum
842 1801 917 1848 ejus
947 1800 1198 1836 examinarem.
1240 1799 1287 1837 Ut
1314 1800 1468 1848 partium
1495 1800 1583 1836 situs
1609 1800 1713 1848 plane
1733 1800 1958 1849 intelligatur,

178 1867 294 1905 verba
330 1865 467 1913 aliquot
495 1864 539 1901 de
569 1865 798 1914 cartilaginea
831 1867 939 1902 cranii
968 1878 1142 1914 compage
1171 1878 1351 1914 apponere
1380 1866 1500 1909 liceat,
1539 1866 1670 1915 quippe
1701 1879 1792 1915 quac
1821 1868 1958 1915 postice

179 1932 364 1982 capsulam
396 1932 544 1975 formet,
582 1944 626 1968 ex
657 1944 729 1980 qua
757 1944 822 1980 per
850 1938 1054 1980 aperturam
1084 1932 1170 1968 satis
1200 1932 1354 1980 amplam
1385 1932 1430 1968 ad
1460 1932 1613 1980 spatium
1642 1933 1888 1980 pervenimus,
1923 1935 1957 1969 in

180 2011 252 2048 quo
289 1998 476 2035 oculorum
509 1997 610 2034 bulbi
644 1999 752 2046 positi
782 2005 873 2035 sunt.
929 1998 1037 2034 Iidem
1067 2005 1169 2046 septo
1200 1998 1429 2046 cartilagineo
1458 1998 1555 2034 haud
1584 2005 1812 2047 separantur,
1848 1999 1957 2036 modo

179 2078 289 2115 supra
317 2071 352 2101 et
379 2064 472 2101 infra
500 2076 563 2101 eos
591 2076 683 2112 pons
713 2065 962 2113 cartilagineus
992 2071 1166 2112 angustus
1194 2064 1359 2107 decurrit,
1389 2076 1462 2113 quo
1487 2065 1663 2113 posterior
1684 2066 1792 2101 cranii
1812 2066 1958 2114 capsula

180 2145 261 2168 cum
289 2131 466 2168 anteriore
495 2131 728 2179 conjungitur.
773 2132 930 2179 Quarum
959 2130 1127 2173 secunda,
1157 2130 1281 2167 dentes
1309 2131 1476 2167 maxillae
1506 2131 1699 2179 superioris
1727 2139 1883 2179 gestans,
1912 2145 1958 2169 ex

179 2205 256 2234 toto
286 2198 360 2234 sere
390 2197 512 2233 clausa
540 2203 611 2240 est,
644 2197 753 2233 modo
782 2198 861 2233 finis
891 2199 966 2245 ejus
994 2197 1172 2245 posterior
1199 2197 1345 2233 inferior
1372 2210 1525 2245 parvum
1555 2197 1660 2233 offert
1686 2197 1864 2241 foramen,
1894 2211 1958 2246 per

180 2263 279 2314 quod
309 2264 383 2311 ejus
414 2275 544 2300 cavum
573 2263 670 2299 adire
696 2275 890 2311 possumus
902 2260 937 2308 ²).
979 2264 1161 2299 Posterior
1180 2263 1288 2299 cranii
1308 2263 1464 2311 capsula,
1493 2269 1532 2299 ut
1550 2263 1649 2311 upud
1670 2263 1957 2312 Calorhynchum

179 2330 371 2367 medullam
400 2331 556 2366 continet
586 2329 817 2377 oblongatam
838 2330 912 2376 (f),
943 2329 1156 2365 cerebellum
1177 2330 1252 2374 (d),
1280 2328 1386 2365 lobos
1417 2330 1555 2378 opticos
1576 2329 1632 2375 (e),
1662 2329 1708 2365 ab
1737 2329 1791 2366 his
1821 2331 1957 2366 cerebri

179 2396 402 2446 pedunculus
424 2396 483 2442 (b)
512 2396 623 2432 libere
652 2403 855 2432 antrorsum
885 2395 930 2432 ad
961 2396 1114 2444 spatium
1143 2397 1234 2432 inter
1263 2395 1390 2431 ambos
1420 2395 1604 2431 oculorum
1632 2395 1764 2432 bulbos
1790 2397 1845 2444 (p)
1874 2409 1956 2445 por-

180 2464 313 2512 rigitur.
359 2463 474 2511 Quum
503 2463 621 2511 paries
650 2462 805 2499 lateralis
835 2462 1084 2510 cartilagineus
1114 2462 1169 2498 hic
1199 2462 1348 2505 deficiat,
1377 2462 1543 2510 utrmque
1572 2473 1592 2497 a
1620 2461 1733 2497 bulbo
1763 2462 1854 2498 oculi
1880 2469 1957 2498 tan-

182 2537 255 2566 tum
281 2530 491 2566 membrana
516 2529 652 2565 fibrosa
672 2528 786 2565 solida
812 2528 1034 2577 disjungitur,
1064 2541 1172 2577 super
1190 2535 1300 2578 ponte
1321 2528 1548 2576 cartilagineo
1569 2528 1745 2571 inferiore,
1775 2528 1957 2577 capsulam

182 2597 290 2634 cranii
325 2596 562 2645 posteriorem
599 2602 633 2632 et
667 2596 880 2632 anteriorem
919 2596 1172 2644 conjungente,
1209 2595 1308 2631 sulco
1338 2595 1513 2638 insidens,
1552 2607 1659 2642 quem
1688 2595 1793 2630 etiam
1823 2595 1955 2631 siccato

324 2747 343 2788 ¹)
374 2750 451 2781 Tab.
476 2750 508 2781 ΙΙ.
549 2750 597 2792 fig.
625 2750 643 2780 7
669 2760 695 2780 ο,

320 2800 341 2841 2)
370 2803 446 2834 Tab.
470 2803 503 2833 Π.
543 2803 592 2845 fig.
620 2803 637 2833 7
662 2813 696 2833 x.
