2166 3084
185 1047 402 1110 Dimidium
433 1069 571 1105 circiter
601 1066 783 1104 saeculum
813 1079 860 1102 cx
887 1078 929 1102 eo
958 1065 1192 1114 praeterierat
1218 1070 1396 1112 tempore,
1427 1074 1500 1110 quo
1521 1067 1706 1098 anatomes
1728 1061 1889 1110 corporis
1911 1060 1974 1096 hu-

186 1138 283 1174 mani
312 1136 487 1179 studium,
523 1135 690 1171 barbaris
720 1133 803 1170 aevi
830 1132 937 1169 medii
964 1132 1127 1168 moribus
1156 1142 1306 1179 prorsus
1336 1129 1555 1177 neglectum,
1591 1127 1743 1164 ducibus
1771 1127 1974 1170 Vesalio,

186 1204 424 1252 Faloppia,
458 1201 688 1243 Fabricio,
726 1201 760 1236 in
789 1199 889 1236 Italia
918 1211 1096 1235 summum
1131 1197 1336 1233 obtinuerat
1365 1197 1506 1239 florem,
1542 1201 1736 1243 antequam
1766 1194 1812 1230 ad
1841 1195 1975 1231 exami-

186 1270 345 1307 nandum
381 1269 532 1318 piscium
571 1266 805 1316 encephalum
843 1265 1000 1301 animum
1035 1263 1275 1301 advertebant
1310 1262 1447 1299 medici.
1510 1261 1595 1298 Inde
1630 1274 1695 1310 per
1731 1261 1802 1297 duo
1833 1261 1976 1297 saecula

188 1337 410 1374 celeberrimi
443 1335 633 1372 anatomici
663 1333 820 1370 studium
849 1338 883 1368 ct
913 1344 1060 1380 operam
1089 1331 1121 1367 ei
1148 1328 1420 1378 impendebant3
1448 1328 1561 1364 multa
1590 1327 1799 1376 singularia,
1830 1327 1975 1375 diligen-

187 1411 242 1440 tes
272 1409 307 1440 et
336 1409 521 1439 accuratas
551 1400 819 1449 disquisitiones
848 1398 1058 1447 probantia,
1088 1397 1134 1435 ad
1162 1397 1278 1433 lucem
1306 1396 1532 1439 serebantur,
1561 1401 1598 1431 at
1626 1394 1808 1432 vinculum
1837 1393 1977 1431 deside-

188 1471 354 1512 rabatur,
385 1468 485 1517 quod
514 1467 654 1516 singula
680 1468 716 1503 in
745 1478 855 1502 unum
885 1477 1031 1513 cogere,
1060 1476 1178 1507 mens,
1209 1475 1302 1511 quae
1331 1462 1428 1511 apud
1455 1463 1573 1510 pisces
1602 1461 1798 1498 observata
1826 1473 1907 1497 cum
1934 1461 1975 1496 iis

190 1548 400 1585 comparare
426 1536 600 1584 potuerit,
631 1546 723 1583 quae
751 1533 794 1569 de
822 1531 1068 1581 superioribus
1096 1529 1309 1567 animalibus
1331 1530 1407 1577 jam
1434 1529 1672 1565 innotuerant.
1719 1529 1798 1577 Ipse
1820 1528 1976 1564 Monro

190 1604 322 1649 (1785)
353 1614 526 1639 conamen
554 1607 674 1637 tantae
703 1599 892 1642 audaciae,
922 1597 1021 1647 quod
1050 1597 1286 1641 existimavit,
1316 1595 1630 1645 perhorrescebat,
1660 1594 1857 1644 periculum
1885 1595 1979 1631 enim

189 1670 437 1713 temerarium,
474 1675 655 1705 tentamen
683 1667 926 1703 frustraneum
955 1677 1035 1701 esse
1064 1665 1205 1708 scribit,
1243 1664 1407 1713 partibus
1437 1662 1584 1711 singulis
1614 1661 1799 1710 encephali
1826 1662 1978 1711 piscium

191 1737 282 1774 adeo
310 1736 529 1785 complicatis
558 1741 690 1772 certam
717 1734 899 1770 notionem
925 1731 1142 1781 assignandi.
1188 1732 1279 1767 Hinc
1304 1731 1439 1767 sactum
1466 1736 1537 1773 est,
1566 1735 1606 1765 ut
1625 1729 1770 1765 nomina
1790 1729 1978 1766 variorum

190 1804 375 1846 loborum,
413 1802 512 1851 quod
545 1814 632 1838 mox
660 1800 885 1843 videbimus,
921 1799 980 1835 illo
1010 1805 1171 1846 tempore
1200 1797 1262 1835 vel
1291 1797 1386 1833 omni
1416 1796 1692 1832 destituerentur
1720 1795 1978 1843 significatione

191 1869 459 1919 physiologica,
488 1868 548 1905 vel
575 1880 621 1904 ex
647 1867 720 1903 levi
745 1879 823 1903 cum
850 1865 1014 1914 partibus
1041 1864 1259 1913 quibusdam
1286 1863 1467 1912 encephali
1495 1863 1640 1899 humani
1665 1862 1890 1899 similitudine
1917 1874 1978 1898 ex-

192 1944 294 1974 terna
321 1935 586 1972 denotarentur.
633 1934 767 1970 Nostro
796 1932 939 1969 demum
959 1943 1071 1975 aeVO,
1101 1943 1173 1979 quo
1195 1930 1426 1979 physiologia
1447 1929 1667 1966 observandi
1687 1930 1844 1965 animum
1863 1929 1977 1977 magis

193 2003 383 2045 excitavit,
413 2002 618 2049 contingere
644 2000 779 2048 potuit,
808 2005 848 2035 ut
872 2010 963 2035 vera
988 2004 1022 2034 et
1047 1998 1202 2046 genuina
1227 1997 1415 2034 illustratio
1437 1995 1676 2033 exhiberetur.
1724 1996 1880 2032 Primum
1901 1996 1978 2044 qui-

194 2070 276 2107 dem
304 2068 496 2117 impulsum
523 2067 697 2115 frugifera
726 2066 854 2102 obtulit
883 2065 1102 2114 comparatio
1132 2065 1287 2113 partium
1316 2063 1499 2112 encephali
1527 2063 1678 2112 piscium
1708 2069 1742 2099 et
1769 2063 1978 2111 embryonis

195 2135 401 2173 animalium
443 2134 678 2183 superiorum.
749 2133 808 2170 Sic
848 2133 964 2181 prima
1005 2144 1129 2169 eorum
1172 2131 1404 2167 fundamenta
1438 2130 1680 2178 jaciebantur,
1723 2142 1815 2178 quae
1850 2129 1977 2165 Illustr.

194 2204 225 2241 J.
246 2201 456 2240 Muelleri
484 2199 813 2249 disquisitionibus,
843 2199 878 2234 in
909 2211 1017 2247 opere
1047 2199 1190 2247 egregio
1221 2198 1264 2233 de
1293 2203 1460 2233 anatome
1489 2202 1696 2244 comparata
1724 2195 1977 2244 Myxinoideo-

195 2282 276 2306 rum
305 2269 493 2317 depositis,
523 2279 663 2303 summa
691 2265 919 2314 perfectionis
949 2271 1035 2301 nota
1065 2265 1295 2301 ornabantur.
1342 2262 1556 2300 Essentialia
1584 2263 1676 2298 enim
1705 2262 1751 2298 ab
1778 2262 1978 2298 accidenta-

195 2336 289 2373 libus
327 2334 628 2383 segregabantur,
665 2332 839 2369 normalia
868 2332 1195 2373 constituebantur,
1229 2330 1400 2379 legesque
1428 2337 1502 2366 tam
1532 2328 1678 2366 stabiles
1709 2328 1977 2371 sanciebantur,

197 2409 252 2445 ut,
296 2413 533 2451 quaecunque
568 2401 603 2436 in
638 2406 823 2448 posterum
859 2398 902 2435 de
930 2398 998 2435 hac
1026 2398 1172 2435 materie
1202 2397 1445 2446 disputentur,
1482 2395 1730 2433 tantummodo
1759 2396 1795 2432 in
1823 2395 1978 2444 applica-

196 2471 294 2506 tione
328 2469 448 2517 legum
476 2467 616 2503 illarum
645 2466 691 2503 ad
719 2466 840 2503 varias
869 2465 1024 2509 formas,
1062 2477 1152 2514 quas
1181 2464 1216 2500 in
1246 2464 1471 2501 diversarum
1499 2463 1649 2512 piscium
1677 2461 1890 2498 familiarum
1919 2474 1978 2499 en-

197 2535 346 2584 cephalo
383 2533 698 2583 deprehendimus,
735 2533 831 2569 cerni
864 2532 1011 2581 possint.
1066 2530 1220 2568 Proinde
1248 2531 1404 2567 maxime
1433 2530 1675 2566 necessarium
1704 2540 1784 2565 esse
1813 2528 1978 2572 arbitror,

198 2608 238 2639 ut
266 2607 447 2639 momenta
476 2600 613 2636 illarum
645 2599 933 2648 disquisitionum
963 2597 1156 2635 cardinalia
1183 2597 1344 2634 breviter
1371 2603 1597 2645 repetantur,
1627 2595 1760 2644 talique
1789 2595 1897 2631 modo
1927 2595 1978 2631 lo-

198 2669 329 2705 borum
359 2667 598 2717 singulorum,
634 2678 726 2715 quos
755 2666 848 2702 infra
875 2664 971 2714 apud
1001 2676 1110 2713 supra
1140 2664 1252 2701 dictas
1281 2664 1431 2712 piscium
1460 2662 1611 2699 familias
1641 2662 1792 2699 seorsim
1821 2668 1978 2698 contem-

198 2735 362 2783 platurus
392 2747 486 2778 sum,
516 2734 615 2770 notio
646 2734 853 2769 innotescat.

1634 2803 1652 2834 2
