2166 3084
1045 119 1103 158 34

183 260 217 290 et
244 252 330 288 laxo
360 250 517 293 affixam,
547 249 608 297 qui
638 247 775 297 postice
804 259 999 284 nervorum
1027 247 1125 295 paris
1153 247 1248 283 tertii
1278 247 1452 296 originem
1480 247 1587 295 longe
1613 247 1762 283 excedit.
1803 248 1859 284 Ex
1881 248 1962 297 ipsa

181 317 361 355 funiculus
398 327 511 352 cavus
548 315 681 358 tenuis,
718 314 866 357 arteria,
903 319 1108 349 antrorsum
1140 310 1423 362 proficiscitur¹).
1480 314 1632 357 Saccus,
1670 312 1713 349 de
1743 325 1816 362 quo
1844 314 1961 357 retuli,

183 384 297 421 antice
327 382 469 418 duobus
498 381 650 430 gangliis
680 380 771 417 albis
801 379 1066 429 semiglobosis,
1094 379 1188 416 lobis
1217 379 1457 423 inferioribus,
1487 379 1626 428 adjacet
1653 379 1769 428 iisque
1791 391 1837 415 ex
1858 386 1962 428 parte

182 449 397 491 adnectitur;
438 454 519 485 ante
555 447 661 483 lobos
696 447 884 484 inferiores
920 446 1028 483 situm
1065 453 1120 483 est
1154 445 1321 482 chiasma.
1381 446 1472 494 Raja
1503 446 1599 482 batis
1632 445 1741 494 paulo
1780 444 1962 482 diversam

182 516 288 552 offert
314 515 507 551 rationem:
551 525 695 557 saccus,
731 514 831 561 cujus
868 513 929 549 fini
962 512 1192 562 hypophysis
1229 524 1351 548 crassa
1379 518 1414 548 et
1443 511 1596 560 simplex
1624 511 1811 555 adhaeret,
1852 510 1962 548 modo

180 582 306 619 brevis
351 588 421 624 est,
465 587 502 617 at
540 580 702 617 brevitas
745 581 820 628 ejus
863 579 1050 616 latitudine
1090 585 1358 627 compensatum
1401 579 1567 627 utrinque
1601 578 1637 614 in
1673 578 1744 614 duo
1779 577 1964 626 marsupia

182 648 302 697 ampla
330 648 504 684 tuberosa
532 647 769 683 continuatur.
823 647 991 683 Anterior
1018 645 1248 694 hypophysis
1278 644 1504 688 extremitas,
1543 656 1636 693 quae
1664 644 1757 681 lobis
1785 644 1962 681 inferiori-

181 715 251 751 bus
287 726 400 763 paene
437 714 580 750 omnino
616 713 718 749 tectis
753 712 946 756 incumbit,
981 712 1015 748 in
1053 712 1175 748 funem
1212 710 1409 759 simplicem
1444 711 1589 754 transit,
1627 711 1647 746 i.
1677 723 1706 747 e.
1735 706 1962 754 arteriam2),

183 793 291 830 quam
323 780 431 829 paulo
467 779 608 827 longius
644 790 920 827 persequamur3
962 784 1061 814 recta
1096 784 1300 814 antrorsum
1336 777 1461 812 subter
1494 776 1619 812 lobum
1648 788 1873 813 communem
1902 775 1962 812 de-

182 858 329 883 currens
355 847 390 882 in
417 845 509 881 duos
535 844 681 881 finditur
705 856 837 887 ramos,
867 844 999 892 angulo
1020 850 1119 880 recto
1140 844 1385 880 sinistrorsum
1405 849 1440 880 et
1460 843 1690 880 dextrorsum
1709 842 1916 879 secedentes
1927 839 1963 888 ³),

182 912 272 950 Tab.
303 912 325 948 I.
368 911 425 960 fig.
458 914 474 947 1
495 924 519 947 v
547 922 609 947 eos
640 910 796 948 ostendit
824 910 871 947 ad
899 923 982 947 eum
1009 922 1125 959 usque
1153 910 1272 946 locum
1302 909 1515 952 delineatos,
1552 921 1625 958 quo
1653 909 1689 945 in
1720 908 1963 957 cartilaginem

184 979 431 1015 inunittuntur.
486 977 747 1026 Hypophysin,
782 977 874 1013 sicut
902 976 999 1025 apud
1028 976 1201 1025 Squalos,
1230 983 1402 1025 tanquam
1432 987 1563 1024 corpus
1593 975 1747 1011 solidum
1775 975 1963 1017 cernimus,

182 1045 378 1081 maximam
413 1050 551 1092 partem
586 1056 632 1080 ex
660 1044 759 1081 vasis
789 1043 1004 1092 sanguiferis
1035 1049 1069 1079 et
1097 1043 1168 1080 tela
1196 1043 1424 1090 conjunctiva
1453 1043 1708 1090 compositum3
1744 1040 1963 1090 Squalorum

180 1110 411 1159 hypophysis
440 1110 561 1159 plures
590 1109 700 1146 habet
727 1109 845 1153 lobos,
873 1110 1045 1158 Rajarum
1073 1109 1227 1157 simplex
1250 1115 1314 1152 est,
1342 1108 1484 1144 illorum
1503 1108 1731 1157 hypophysis
1752 1108 1963 1155 sanguinem

183 1177 321 1213 obtinet
348 1189 396 1213 ex
423 1183 524 1225 parte
552 1176 752 1225 posteriore
781 1176 881 1212 basis
912 1176 1032 1219 cranii,
1061 1176 1232 1223 Rajarum
1261 1187 1309 1212 ex
1338 1175 1525 1212 anteriore.
1576 1173 1867 1211 Sustentaculum
1894 1173 1962 1222 hy-

182 1243 377 1292 pophysis,
407 1255 534 1279 saccus
563 1254 688 1286 cavus,
718 1243 851 1291 pariter
879 1254 984 1279 sacco
1013 1241 1210 1279 vasculoso
1240 1242 1459 1290 Squalorum
1487 1240 1691 1289 respondet,
1722 1240 1962 1276 dimensiones

182 1322 272 1347 vero
307 1310 382 1358 ejus
410 1309 499 1346 tales
529 1316 628 1353 sunt,
665 1316 703 1345 ut
731 1310 767 1345 in
796 1309 850 1345 his
880 1321 1060 1358 nusquam
1088 1308 1182 1345 ultra
1210 1308 1444 1357 hypophysin
1472 1308 1693 1356 porrigatur3
1729 1306 1825 1355 apud
1852 1306 1963 1354 Rajas

183 1377 350 1424 utrinque
378 1376 510 1413 formet
537 1376 729 1412 anfractus.
784 1376 875 1413 Tam
905 1375 1001 1424 apud
1029 1375 1094 1412 has
1124 1387 1232 1423 quam
1261 1375 1341 1411 illos
1371 1375 1541 1411 directam
1570 1372 1785 1409 infundibuli
1813 1371 1962 1421 amplifi-

185 1444 362 1480 cationem
399 1443 500 1479 sistit.
557 1442 764 1491 Amplitudo
794 1443 869 1490 ejus
899 1441 996 1490 apud
1023 1442 1132 1489 Rajas
1161 1441 1272 1478 multo
1302 1442 1417 1489 major
1446 1453 1554 1489 quam
1584 1439 1681 1488 apud
1710 1439 1884 1487 Squalos,
1920 1450 1963 1474 ea

184 1509 336 1546 efficitur
363 1521 419 1552 re,
448 1508 547 1557 quod
576 1508 839 1545 iusundibulmn
868 1509 985 1557 spatio
1015 1508 1227 1551 destituitur,
1257 1515 1462 1544 antrorsum
1490 1519 1569 1543 sese
1599 1505 1843 1555 expandendi3
1878 1504 1963 1541 (111111

185 1576 279 1613 enim
308 1574 405 1624 apud
434 1575 589 1624 Squalos
619 1576 654 1611 111
684 1587 815 1612 cavum
844 1575 1001 1624 amplum
1030 1575 1198 1611 loborum
1227 1575 1435 1611 inferiorum
1465 1574 1701 1616 continuatur,
1731 1571 1827 1620 apud
1853 1571 1962 1619 RaJas

182 1642 338 1691 parietes
368 1641 504 1678 solidos
533 1642 688 1690 attingit3
718 1654 790 1690 quo
820 1641 870 1685 fit,
899 1648 938 1678 ut
966 1653 1111 1678 saccum
1140 1641 1255 1690 magis
1282 1640 1410 1677 reddat
1430 1640 1625 1676 sinuosum.
1667 1639 1757 1675 Lobi
1776 1637 1964 1674 inferiores

185 1708 279 1745 enim
315 1708 458 1744 omnino
494 1707 598 1744 solidi
636 1714 735 1752 suut3
777 1708 875 1757 apud
910 1708 1107 1757 compluria
1141 1707 1328 1744 individua
1363 1707 1473 1755 Rajae
1507 1705 1668 1743 radiatae
1696 1705 1870 1741 inc1suras
1899 1716 1964 1752 per

184 1774 306 1811 varias
343 1773 433 1810 duxi
467 1774 698 1818 directiones,
734 1787 919 1823 nunquam
956 1781 1076 1811 autem
1113 1775 1218 1822 spatii
1254 1774 1335 1810 cavi
1370 1773 1565 1822 vestigium
1599 1771 1726 1820 reperi.
1781 1771 1819 1807 In
1847 1770 1964 1818 figura

184 1846 309 1877 nostra
345 1839 598 1877 dissentionem
627 1841 798 1877 offerente
827 1840 931 1885 (Tab.
951 1841 974 1877 Ι.
1002 1841 1060 1889 fig.
1082 1842 1118 1886 4)
1147 1840 1273 1876 lobum
1300 1840 1506 1876 inferiorem
1534 1839 1742 1886 conspicere
1771 1849 1843 1873 non
1870 1836 1963 1879 licet,

185 1907 318 1956 quippe
347 1907 409 1956 qui
436 1907 650 1944 infundibuli
681 1908 779 1943 initio
809 1914 960 1956 tegatur,
991 1908 1105 1943 antice
1133 1913 1253 1943 autem
1279 1906 1404 1942 subter
1423 1905 1561 1942 cerebri
1582 1904 1747 1941 cruribus
1768 1903 1963 1940 dissectum

186 1973 346 2010 chiasma
381 1986 576 2010 nervorum
611 1975 811 2022 opticorum
846 1973 1012 2010 videmus
1043 1974 1135 2018 (elz).
1198 1974 1295 2010 Situs
1329 1972 1434 2020 hujus
1469 1972 1598 2020 partis,
1633 1983 1705 2006 non
1739 1969 1965 2006 mediocriter

187 2040 337 2082 anticus,
365 2039 485 2075 multis
513 2041 708 2087 persuasit,
737 2046 898 2088 apertam
927 2039 1111 2088 encephali
1140 2040 1358 2087 portionem,
1389 2050 1496 2086 super
1525 2050 1567 2074 ea
1594 2037 1766 2085 positam,
1803 2047 1882 2071 esse
1910 2034 1962 2070 lo-

185 2106 271 2143 bum
308 2105 495 2142 ventriculi
533 2107 643 2149 tertii3
679 2105 846 2155 equidem
881 2118 925 2142 ne
959 2106 1088 2142 fibram
1125 2105 1269 2154 quidem
1298 2104 1400 2141 nervi
1430 2104 1538 2152 optici
1566 2102 1647 2138 inde
1677 2102 1849 2138 orientem
1877 2100 1964 2144 vidi,

187 2172 252 2210 sed
285 2184 469 2220 nunquam
504 2184 575 2208 non
611 2172 689 2208 solo
725 2172 844 2209 colore
878 2179 1032 2209 tractum
1068 2172 1225 2220 opticum
1260 2170 1478 2219 distinguere
1511 2169 1630 2218 potui,
1674 2169 1735 2217 qui
1768 2167 1877 2204 modo
1916 2167 1963 2204 ab

188 2239 366 2277 anteriore
400 2239 580 2275 exteriore
616 2239 691 2275 lobi
721 2239 829 2287 optici
856 2245 959 2287 parte
989 2238 1161 2286 originem
1190 2238 1305 2286 petiit,
1340 2237 1389 2273 ita
1418 2242 1457 2272 ut
1484 2235 1542 2272 hie
1569 2235 1675 2271 Iobus
1704 2233 1831 2271 iisdem
1861 2245 1963 2270 ence-

186 2305 283 2354 phali
311 2305 456 2341 humani
483 2305 647 2353 partibus
676 2305 902 2354 respondeat,
933 2304 1238 2353 quemadmodum
1267 2303 1364 2352 apud
1393 2302 1602 2340 Teleosteos
1632 2307 1666 2337 et
1694 2300 1860 2348 Squalos.
1909 2300 1964 2336 De

187 2372 290 2408 nervi
319 2372 427 2420 optici
456 2377 634 2408 structura
663 2371 789 2408 eadem
818 2371 968 2408 dicenda
997 2378 1090 2414 suut,
1120 2383 1212 2420 quae
1242 2369 1285 2406 de
1306 2369 1450 2418 Squalis
1469 2368 1670 2405 retulimus:
1700 2379 1718 2403 e
1742 2365 1963 2414 simplicibus

188 2439 414 2488 componitur
440 2437 613 2474 fibrarum
641 2437 832 2481 fasciculis,
861 2437 932 2474 tela
961 2437 1190 2485 conjunctiva
1216 2436 1335 2472 unitis.

322 2505 467 2542 Cerebri
493 2504 715 2554 pedunculus
742 2505 913 2553 Rajarum
939 2504 1082 2553 elegans
1109 2503 1219 2540 fibras
1243 2514 1328 2539 suas
1349 2501 1486 2538 obtinet
1505 2512 1526 2537 a
1544 2498 1806 2548 pyramidibus,
1835 2497 1958 2534 tuber-

333 2670 353 2711 ¹)
385 2672 462 2703 Tab.
488 2672 508 2702 1.
548 2671 598 2714 fig.
625 2671 643 2702 5
669 2683 676 2702 2
700 2671 730 2708 11,
755 2673 775 2708 i,
800 2671 829 2702 k.

333 2721 354 2763 ²)
385 2725 461 2755 Tab.
486 2724 506 2755 I.
548 2724 597 2766 fig.
624 2724 643 2755 2
669 2724 700 2760 le,
725 2726 746 2761 ἰ,
770 2723 801 2761 Is,
826 2735 854 2754 η.

334 2775 355 2816 ³)
386 2777 462 2808 Tab.
488 2777 508 2807 l.
549 2777 598 2819 fig.
626 2776 645 2808 2
669 2788 697 2808 v.
