2166 3084
1050 135 1107 174 23

183 273 341 302 trorsum
377 265 423 302 ad
459 276 590 313 corpus
623 264 824 301 restisorme
852 271 1006 312 possunt
1033 263 1212 312 indagari,
1248 262 1285 299 id
1314 262 1413 312 quod
1442 263 1644 312 analogiam
1672 263 1968 312 perfectissimam

184 332 289 369 nobis
318 332 477 381 praebet.

318 399 431 435 Extra
467 404 501 434 et
532 397 625 433 infra
652 396 719 432 hos
747 396 925 432 funiculos
955 396 1046 433 duae
1076 397 1368 433 intumescentiae
1396 396 1560 433 laterales
1591 397 1816 434 obrotundae
1845 398 1968 435 sedem

183 465 328 508 habent,
357 465 448 500 inter
477 464 631 511 origines
661 463 848 511 utriusque
876 462 1005 498 radicis
1026 463 1130 499 nervi
1150 462 1272 511 quinti.
1317 463 1473 510 Quarum
1495 464 1787 511 significationem
1810 472 1847 501 ut
1866 477 1968 501 erua-

184 543 281 574 mus,
318 530 433 567 solam
467 530 595 566 intueri
631 529 805 565 debemus
840 528 1084 571 librationem,
1121 529 1254 577 quippe
1289 541 1382 577 quae
1412 536 1467 565 sat
1495 529 1584 566 lucis
1613 530 1718 565 nobis
1748 530 1967 579 suppeditet:

182 598 348 647 princeps
377 608 504 645 nempe
533 596 706 632 fibrarum
737 595 882 632 directio
913 607 1056 631 sursum
1083 602 1117 631 et
1139 602 1343 632 antrorsum
1371 595 1418 632 ad
1443 595 1567 632 lobum
1589 597 1745 645 opticum
1763 598 1812 633 sic
1836 596 1968 633 dictum

182 663 314 712 pergit,
351 675 443 712 quo⁷
486 663 537 699 uti
573 669 728 705 constat,
765 674 918 710 corpora
955 661 1227 710 quadrigemina
1256 662 1496 705 continentur,
1532 663 1581 698 ita
1610 669 1649 698 ut
1676 663 1968 700 intumescentiae

182 729 347 766 laterales
385 742 490 766 crura
524 728 701 766 medullae
740 728 884 777 oblong.
914 728 960 765 ad
990 740 1143 776 corpora
1172 728 1444 777 quadrigemina
1472 730 1686 766 contineant.
1744 731 1841 777 Quae
1871 730 1968 779 apud

182 796 344 833 homines
375 803 458 832 sunt
486 795 656 839 fasciculi,
686 796 747 844 qui
776 802 810 832 et
837 796 905 844 ipsi
935 795 1058 832 mediis
1088 795 1252 832 funiculis
1278 795 1533 844 principalibus
1555 796 1730 833 medullae
1752 796 1968 846 oblongatae

183 863 417 899 continentur.

320 930 365 967 Ut
407 929 587 966 exteriora
622 929 778 977 partium
813 928 1021 964 inferiorum
1057 940 1122 965 seu
1157 928 1374 965 anteriorum
1410 929 1690 977 conspiciamus,
1733 929 1966 978 encephalum

183 997 363 1033 invertere
400 1002 556 1044 oportet,
593 1008 666 1044 quo
703 996 799 1032 facto
836 995 907 1031 duo
944 995 1072 1031 tubera
1106 994 1243 1031 inferne
1279 996 1365 1031 satis
1402 995 1576 1032 fornicata
1611 997 1675 1032 vix
1703 996 1891 1033 manifeste
1921 1009 1967 1033 ex

183 1062 338 1099 medulla
381 1062 508 1111 spinali
549 1062 658 1099 ordiri
699 1062 883 1105 videmus,
926 1063 961 1098 in
996 1061 1113 1098 media
1146 1069 1249 1110 parte
1286 1061 1385 1098 sulco
1420 1062 1668 1110 longitudinali
1697 1063 1873 1099 anteriore
1903 1075 1967 1100 seu

184 1129 351 1165 inferiore
388 1135 554 1177 separata
573 1126 612 1173 ¹).
668 1129 749 1166 Jam
784 1141 806 1165 a
840 1128 1021 1177 prioribus
1056 1129 1266 1165 anatomicis
1295 1141 1360 1177 pro
1390 1128 1640 1177 pyramidibus
1668 1129 1792 1166 habita
1821 1136 1904 1166 sunt
1933 1137 1968 1167 et

183 1195 293 1232 hocce
323 1196 464 1232 nomine
495 1195 618 1243 digna,
655 1195 754 1244 quod
783 1195 894 1231 fibrae
924 1196 964 1231 iis
995 1202 1199 1238 contentae,
1236 1202 1272 1232 ut
1301 1196 1392 1231 infra
1420 1195 1641 1238 videbimus,
1677 1196 1711 1232 in
1740 1196 1876 1232 cerebri
1905 1208 1966 1245 pe-

185 1261 359 1297 dunculos
395 1268 581 1298 transeunt
616 1262 736 1310 itaque
773 1261 1116 1310 hemisphaeriorum
1152 1261 1387 1298 fundamenta
1423 1263 1651 1298 constituunt.
1708 1263 1967 1311 Argumentum

185 1340 330 1376 quoque
360 1328 463 1364 affert
493 1329 594 1376 origo
623 1328 752 1364 radicis
782 1328 958 1364 inferioris
987 1340 1050 1364 seu
1078 1328 1265 1364 anterioris
1293 1329 1395 1365 nervi
1421 1329 1605 1376 trigemini.
1648 1329 1748 1365 Hanc
1770 1342 1787 1365 e
1808 1331 1966 1378 margine

184 1395 361 1431 exteriore
391 1401 425 1430 et
453 1395 630 1431 anteriore
660 1406 785 1431 eorum
814 1394 979 1431 videmus
1010 1395 1105 1438 oriri,
1135 1395 1438 1443 quemadmodum
1468 1394 1563 1443 apud
1592 1394 1752 1431 homines
1778 1408 1922 1444 quoque
1946 1408 1966 1432 a

182 1461 294 1497 latere
322 1461 441 1509 pontis
471 1461 623 1504 Varolii,
653 1461 715 1497 ubi
744 1462 926 1509 provenit,
956 1462 990 1497 in
1019 1461 1245 1509 pyramidem
1273 1461 1448 1498 medullae
1479 1461 1695 1510 oblongatae
1724 1474 1840 1510 usque
1868 1462 1967 1499 inda-

183 1528 261 1576 gari
288 1534 417 1576 potest.
473 1528 571 1564 Haec
601 1527 644 1564 de
674 1528 913 1564 exterioribus
942 1528 1118 1564 medullae
1149 1528 1365 1576 oblongatae
1395 1528 1582 1564 sufficiant.

318 1594 491 1630 Interiora
526 1595 601 1642 ejus
640 1595 795 1642 spatium
832 1606 963 1631 cavum
1000 1594 1196 1643 oblongum
1233 1595 1429 1637 continent,
1474 1595 1571 1643 quod
1610 1595 1723 1631 antire
1758 1608 1838 1631 cum
1868 1596 1967 1632 cavis

185 1660 321 1697 cerebri
364 1660 563 1697 intermedii
598 1661 836 1697 communicat
871 1668 906 1698 et
942 1673 1008 1710 pro
1044 1661 1244 1699 ventriculo
1284 1668 1413 1710 quarto
1450 1660 1656 1698 habendum
1690 1668 1753 1698 cst.
1809 1662 1846 1698 ln
1875 1662 1967 1698 bene

184 1727 381 1765 asservatis
412 1726 629 1775 Squalorum
665 1727 866 1776 encephalis
901 1728 936 1764 in
974 1728 1086 1764 fundo
1121 1735 1156 1765 et
1183 1728 1391 1765 lateralibus
1420 1728 1525 1776 hujus
1554 1728 1743 1765 ventriculi
1770 1729 1967 1776 parietibus

183 1794 273 1831 haec
301 1793 631 1842 deprehenduntur:
668 1794 703 1830 in
739 1794 832 1831 linea
866 1794 968 1830 fundi
1002 1794 1168 1831 mediana
1198 1794 1269 1831 duo
1298 1794 1444 1831 funiculi
1478 1795 1575 1842 longi
1604 1795 1691 1831 satis
1720 1796 1841 1843 magni
1869 1801 1967 1831 recta

186 1860 394 1903 decurrunt,
423 1860 674 1908 pyramidibus
704 1860 926 1909 assignandi,
966 1861 1043 1908 qui,
1074 1861 1173 1909 quod
1200 1861 1293 1897 infra
1322 1861 1549 1903 docebimus,
1579 1873 1660 1897 eum
1688 1861 1822 1897 habent
1851 1873 1967 1904 usum,

184 1933 224 1962 ut
252 1927 287 1962 in
316 1927 511 1974 principem
541 1926 725 1974 encepliali
753 1938 910 1962 massam
940 1927 1199 1963 continuentur.
1249 1927 1357 1964 Sulco
1388 1933 1543 1969 tantum,
1573 1934 1708 1963 rectum
1739 1939 1884 1964 cursum
1913 1940 1967 1964 se-

186 1999 334 2041 quente,
372 1993 463 2029 inter
500 2005 537 2029 se
575 1992 707 2029 distant
725 1990 759 2038 ἱ’).
816 1993 989 2041 Utrinque
1026 1993 1154 2029 horum
1188 1993 1428 2029 funiculorum
1458 2005 1578 2029 massa
1606 1993 1811 2029 medullaris
1840 1994 1968 2030 leviter

186 2059 328 2095 elevata
357 2065 492 2102 exstat,
524 2059 616 2095 unde
644 2059 855 2107 plerumque
884 2059 1004 2107 plures
1034 2059 1235 2096 habenulae
1262 2065 1386 2096 tenues
1416 2059 1566 2104 (circiter
1589 2061 1677 2103 sex),
1709 2060 1815 2096 sulcis
1844 2061 1968 2108 parvis

187 2131 413 2173 segregatae,
441 2126 477 2161 in
506 2132 624 2162 rectos
654 2125 831 2162 funiculos
862 2125 1008 2174 oblique
1036 2127 1251 2168 inseruntur,
1280 2127 1329 2162 ita
1357 2133 1397 2162 ut
1423 2125 1622 2162 habenulae
1642 2139 1708 2174 pro
1729 2127 1968 2163 funiculorum

187 2191 368 2228 radicibus
403 2190 529 2227 haberi
565 2199 697 2240 queant
715 2189 749 2237 ³).
806 2193 903 2228 Haec
938 2193 1029 2229 ratio
1066 2205 1094 2228 e.
1123 2205 1175 2240 gr.
1211 2192 1307 2240 apud
1337 2192 1482 2229 Galeum
1522 2204 1646 2228 canem
1673 2193 1853 2229 invenitur
1883 2193 1967 2237 (vid.

186 2259 355 2301 iconem);
399 2257 495 2306 apud
531 2257 620 2294 alios
650 2258 823 2306 Squalos,
862 2264 900 2294 ut
930 2259 1128 2306 Scymnum
1156 2258 1315 2301 lichiam,
1350 2258 1586 2294 Hexanchum
1614 2259 1771 2306 griseum
1806 2271 1877 2295 non
1914 2266 1967 2295 to-

187 2324 325 2361 radices
355 2325 535 2361 tenuiores
572 2337 618 2361 ex
653 2336 774 2360 massa
802 2324 988 2360 medullari
1020 2324 1181 2373 planiore
1210 2325 1244 2360 in
1273 2325 1451 2361 funiculos
1481 2324 1664 2367 elatiores,
1701 2325 1765 2361 sed
1794 2339 1864 2362 una
1891 2333 1969 2363 tant

188 2398 263 2427 tum
293 2391 464 2433 crassior,
499 2391 618 2427 medio
656 2391 793 2428 circiter
827 2391 907 2427 1000
945 2390 1176 2439 longitudinis
1213 2392 1311 2427 sinus
1339 2391 1580 2435 rhomboidei,
1615 2392 1748 2428 intrant
1764 2388 1800 2438 4).
1855 2393 1970 2429 Extra

187 2469 345 2493 massam
374 2457 605 2494 medullarem
634 2457 778 2506 planam
806 2458 935 2494 iterum
963 2458 1069 2495 tuber
1098 2457 1295 2507 oblongum
1324 2464 1358 2495 et
1387 2457 1630 2494 obrotundum
1659 2458 1780 2495 sedem
1806 2458 1915 2495 habet
1932 2457 1968 2504 ⁵),

331 2582 349 2621 ¹)
382 2584 458 2616 Tab.
484 2585 528 2616 111,
569 2585 618 2628 fig.
645 2585 664 2616 2
690 2592 718 2616 et
741 2585 790 2627 fi.g
817 2585 868 2616 5:
893 2588 922 2625 β.

330 2633 350 2675 ²)
382 2637 458 2668 Tab.
483 2638 527 2668 ΙΠ.
568 2638 617 2680 fig.
645 2638 664 2669 3
690 2644 719 2669 et
741 2638 790 2680 fi.g
816 2638 868 2669 8:
893 2650 921 2676 γ.

330 2688 351 2728 ⁸)
383 2690 458 2721 Tab.
484 2691 528 2721 III.
568 2691 618 2733 fig.
645 2690 664 2722 3
691 2691 719 2722 δ.

330 2743 351 2782 ⁴)
383 2743 458 2774 Tab.
484 2744 528 2774 111.
569 2744 618 2786 fig.
645 2743 665 2774 s
692 2744 719 2774 δ.

330 2793 351 2833 ⁵)
383 2795 458 2827 Tab.
484 2796 526 2826 ΠΙ.
568 2797 617 2838 fig.
647 2796 665 2827 3
690 2808 713 2827 ε.
