2166 3084
172 246 244 286 Fiq.

172 405 246 444 Fiq.

174 457 205 486 F
205 458 246 497 iq.

172 562 205 593 F
204 565 244 604 iq.

172 669 245 710 Fiq.

173 882 245 923 Fiq.

176 1418 249 1458 Fiq.

271 245 302 274 2.

247 298 302 328 ΥΞ.

271 457 302 487 ,1,

270 563 301 593 5.

270 671 299 699 (1'.

272 883 300 913 J]

283 988 306 1025 «st

280 1214 306 1233 Ρ

280 1268 309 1286 71.

274 1321 307 1349 2¹·

275 1416 306 1445 S.

292 1482 306 1501 ·.
334 1469 451 1500 Tunica
476 1467 685 1498 araclmoidea.
728 1466 820 1497 Juxta
845 1466 1061 1508 longitudinem
1087 1467 1114 1496 in
1139 1466 1216 1496 linea
1240 1464 1375 1496 mediana
1401 1466 1498 1507 quarti
1522 1465 1677 1496 ventriculi
1702 1476 1717 1496 a
1739 1465 1838 1496 lateris
1858 1465 1956 1497 dextri

250 1641 311 1660 oca.

1033 112 1090 150 48

350 242 552 284 Encephalum
579 241 660 272 Galei
685 241 764 271 canis
789 239 826 271 ab
852 239 991 271 inferiore
1015 245 1109 282 parte.

328 296 471 327 Anterior
495 306 578 326 nerv.
606 294 752 336 trigemini
777 292 873 324 radix.

495 348 638 390 Reliquae
662 347 764 378 literae
789 346 922 383 easdem,
950 358 1022 389 quas
1048 348 1077 377 in
1101 346 1151 388 fig.
1181 345 1195 376 1
1222 352 1322 388 partes
1347 353 1461 377 notant.

353 401 545 433 Ventriculus
571 407 695 443 quartus
722 399 803 431 Galei
829 401 909 430 canis
934 412 950 430 a
975 399 1082 431 dextro
1108 400 1197 430 latere
1222 406 1415 442 conspectus,
1447 399 1539 442 duplo
1565 400 1770 442 amplificatus.

351 455 555 497 Encephalum
583 453 759 485 Carchariae
784 453 881 495 glauci
905 464 921 484 a
945 454 1100 495 superiore
1124 459 1218 494 parte.

497 508 612 538 Literae
637 506 747 544 eadem,
774 517 850 549 quae
875 508 904 537 in
928 507 978 549 fig.
1007 505 1034 544 1,
1060 512 1175 537 notant.

348 561 551 604 Encephalum
577 559 756 592 Carchariac
781 560 878 603 glauci
903 559 939 590 ab
965 559 1103 590 inferiore
1127 566 1221 601 parte.

498 614 587 655 Quod
612 613 649 644 ad
673 614 772 644 literas
797 612 874 643 conf.
900 613 949 655 fig.
976 612 1006 643 2.

347 668 543 711 Hypopliysis
568 673 597 698 et
621 678 724 698 saccus
750 667 924 697 vasculosus
951 665 1128 697 Carchariae
1152 665 1265 707 glauci,
1297 665 1426 695 naturali
1452 666 1566 696 ambitu
1592 665 1683 708 duplo
1709 667 1846 708 majores.

300 746 306 753 .
331 722 442 754 Saccus
467 721 643 752 vasculosus
668 720 705 751 ab
732 719 921 762 hypophysis
947 719 967 748 Ιι
991 720 1123 761 margine
1141 718 1281 749 diductus
1299 724 1327 749 et
1344 718 1415 749 haec
1433 729 1550 749 sursum
1570 725 1598 750 et
1615 725 1783 750 antrorsum
1801 719 1951 750 reclinata.

273 788 303 816 ,²1-

329 776 490 811 Foramen‚
523 773 604 816 quod
636 785 673 804 ex
703 784 776 804 cavo
808 773 885 803 sacci
916 772 1065 803 vasculosi
1095 771 1133 803 ad
1158 770 1379 802 infundibulum
1404 771 1532 814 indeque
1557 771 1594 802 ad
1619 772 1757 803 loborum
1784 774 1952 815 opticorum

332 830 487 859 cavitatem
513 827 604 858 ducit.

349 881 552 923 Bucephalum
578 879 700 922 Scymni
724 879 862 910 borealis.

499 934 632 976 Tegmeu
657 934 720 974 ejus
745 934 882 974 superius
906 933 1064 962 maximam
1090 938 1204 974 partem
1230 931 1361 962 ablatum
1387 938 1440 962 est.

330 988 502 1020 Fasciculus
527 986 713 1022 medullaris,
748 988 797 1028 qui
823 985 860 1016 ab
887 991 1010 1016 externo
1035 985 1125 1016 latere
1151 984 1367 1015 habenularum
1392 984 1652 1027 longitudinalium
1677 997 1695 1022 γ
1721 984 1889 1022 adscendit,
1921 991 1955 1016 ut

333 1054 399 1073 cum
431 1041 534 1072 eodem
565 1040 684 1071 alterius
713 1039 813 1070 lateris
838 1040 868 1069 iu
892 1040 1004 1081 pariete
1030 1039 1176 1070 anteriore
1202 1037 1263 1069 lobi
1288 1039 1379 1080 optici
1405 1045 1503 1075 coeat,
1529 1044 1707 1081 portamque
1732 1038 1839 1081 fingat,
1867 1049 1954 1081 quam

332 1095 465 1126 fasciculi
489 1094 596 1125 interni
623 1093 838 1124 habenularum
862 1104 881 1130 y
904 1098 1067 1134 permeant,
1094 1098 1127 1122 ut

302 1173 308 1179 .
332 1149 450 1180 Partem
474 1148 638 1190 principem
663 1157 784 1177 crurum
810 1145 921 1176 cerebri
952 1147 1143 1176 constituant.

331 1201 503 1233 Tubercula
528 1199 701 1231 intermedia
726 1211 791 1230 cum
817 1199 965 1229 fasciculis
990 1198 1202 1229 medullaribus
1228 1198 1264 1229 ab
1292 1199 1326 1228 iis
1352 1197 1389 1228 ad
1414 1209 1481 1229 crus
1507 1197 1618 1229 cerebri
1643 1198 1847 1242 pergentibus.

333 1255 410 1286 Lobi
435 1255 599 1285 communis
625 1264 739 1289 cavum,
767 1252 848 1295 quod
873 1252 910 1282 ad
935 1253 1017 1283 nervi
1044 1251 1190 1282 olfactorii
1217 1263 1321 1282 cavum
1347 1258 1542 1294 propagatur.

333 1308 458 1351 Septum
483 1309 512 1338 iu
537 1307 598 1338 lobi
624 1307 787 1337 communis
813 1307 948 1337 cavitate.

336 1361 483 1404 Ganglion
509 1361 546 1392 ad
572 1367 727 1391 externum
752 1361 827 1401 septi
852 1359 938 1390 latus.

354 1415 516 1447 Dimidium
541 1413 697 1444 ventriculi
723 1414 820 1455 quarti
845 1414 997 1443 sinistrum
1023 1412 1177 1443 IIexanclii
1203 1413 1306 1454 grisei,
1339 1411 1430 1453 duplo
1456 1411 1675 1454 amplificatum.

337 1521 458 1554 dimidio
490 1522 638 1562 sejuncta,
673 1532 689 1550 a
721 1521 852 1562 margine
881 1520 1047 1561 posteriore
1073 1518 1208 1550 cerebelli
1234 1518 1354 1549 diducta
1381 1525 1409 1549 et
1432 1519 1635 1549 sinistrorsum
1660 1518 1800 1549 reclinata
1826 1525 1884 1556 est,
1915 1520 1957 1549 ita

336 1583 369 1607 ut
394 1577 508 1606 interna
533 1576 595 1615 ejus
621 1574 792 1616 superficies
818 1573 910 1604 oculis
936 1572 1086 1603 offeratur.

334 1629 463 1660 Fimbria
490 1640 526 1659 ex
553 1627 730 1670 corporibus
756 1626 983 1658 restisormibus.
