2166 3084
1076 109 1131 148 13

346 242 383 277 111
412 239 612 277 definienda
639 251 729 275 vero
758 239 941 275 functione
970 250 1166 274 nervorum
1193 237 1274 273 rudi
1303 249 1424 274 errore
1454 237 1659 280 tenebatur,
1694 237 1777 285 quia
1808 238 1994 274 cerebrum

212 321 258 344 ex
295 308 415 344 cranio
452 306 645 355 prompsit,
681 318 763 341 nam
798 306 832 341 in
862 304 952 352 Raja
985 304 1061 340 bati
1097 304 1324 352 trigeminum
1360 316 1440 340 cum
1477 304 1594 352 optico
1625 303 1800 346 confudit,
1838 304 1995 352 opticum

212 374 296 410 nihil
331 374 398 410 nisi
434 373 661 409 olfactorium
697 371 937 408 accessorium
975 383 1054 407 esse
1093 370 1211 414 duxit3
1246 371 1280 406 in
1310 370 1400 418 Raja
1436 370 1577 406 clavata
1606 382 1695 406 vero
1724 370 1932 418 trigeminos
1962 371 1996 406 in

212 452 346 477 nervos
379 440 516 488 opticos
547 445 581 475 et
611 438 892 474 oculomotorios
923 437 1054 473 divisit.

347 507 534 542 Praeterea
579 504 837 553 descriptiones
881 510 916 540 et
953 504 1075 540 icones
1120 503 1350 539 cerebrorum
1385 503 1512 550 viginti
1547 509 1703 551 quatuor
1739 515 1908 551 generum
1953 515 1998 539 ex

213 572 437 610 Ostacanthis
466 571 674 620 reperimus.

345 639 383 675 In
412 634 692 683 Valentini¹)
722 636 993 685 Amphitheatro
1024 635 1226 672 zootomico
1256 636 1350 684 (pag.
1385 637 1472 678 112)
1503 635 1693 683 descriptio
1725 642 1844 671 exstat
1872 642 1996 671 anato-

212 707 303 742 mica
338 704 551 753 Torpedinis
594 711 739 740 auctore
774 704 833 740 Dr.
865 702 1094 751 Stephano
1130 703 1378 739 Lorenzini.
1434 702 1602 738 Formam
1639 708 1825 738 externam
1860 702 1998 738 cerebri

210 773 304 809 bene
341 771 530 820 descripsit
566 777 708 814 auctor,
752 770 816 806 sed
854 769 1001 818 singulis
1037 769 1130 805 lobis
1167 781 1296 805 nomen
1333 769 1373 805 iis
1411 769 1595 817 proprium
1637 775 1754 817 negat.
1812 768 1997 805 Cerebello

214 839 280 875 soli
309 839 433 875 tribuit
463 855 534 870 »-
572 861 616 865 —-
649 838 740 873 inter
770 837 841 873 duo
870 836 958 873 hacc
987 837 1088 885 paria
1116 836 1271 884 spatium
1299 835 1455 872 medium
1486 842 1638 884 occupat
1661 847 1792 884 corpus
1815 834 1998 884 quoddam

212 906 328 954 figura
364 911 512 942 externa
548 903 660 941 simile
690 902 866 940 cerebello
898 902 1189 951 (piadrupedum,
1227 902 1326 951 quod
1355 901 1498 938 duobus
1526 902 1775 950 processibus,
1812 901 1858 938 ad
1887 902 1998 938 instar

214 972 367 1008 duorum
397 984 557 1014 crurum,
587 971 737 1007 affixum
766 976 821 1006 est
848 970 929 1005 basi
959 970 1113 1013 cerebri,
1144 982 1186 1006 eo
1216 969 1321 1017 plane
1349 968 1475 1012 modo,
1506 981 1578 1017 ([110
1609 968 1824 1005 cerebellum
1854 968 1997 1004 duobus

214 1039 287 1075 suis
326 1038 490 1075 cruribus
522 1037 728 1074 divaricatis
758 1036 915 1085 affigitur
944 1036 1121 1072 medullae
1151 1035 1402 1084 oblongatae.«
1460 1035 1580 1071 Lobos
1611 1047 1734 1071 omnes
1765 1048 1876 1072 cavos
1907 1046 1997 1077 esse,

213 1118 295 1141 nam
324 1105 413 1141 tubo
443 1104 555 1140 inflari
583 1116 693 1152 posse
723 1115 865 1146 omnes,
895 1102 1092 1146 contendit;
1128 1114 1254 1139 saccos
1283 1102 1516 1144 vasculosos,
1548 1102 1609 1150 qui
1637 1102 1671 1137 in
1701 1102 1866 1138 inferiore
1896 1108 1997 1150 parte

213 1171 447 1221 hypophysin
478 1170 715 1213 circumdant,
745 1169 860 1205 »duas
890 1169 1077 1218 glandulas
1108 1170 1258 1218 exiguas
1288 1169 1416 1205 rubras
1447 1169 1701 1205 scmilunares«
1731 1176 1852 1205 vocat.

347 1234 546 1282 Halle1·‘·')
577 1237 752 1285 disceptat
780 1236 889 1272 modo
920 1235 963 1271 dc
987 1235 1231 1279 Ostacamhis,
1262 1248 1416 1284 quorum
1446 1235 1633 1272 cerebrum
1658 1235 1864 1271 describens
1888 1235 1997 1271 fibras

216 1304 483 1341 accuratissime
520 1309 731 1351 persecutus
768 1309 831 1338 est.
887 1302 1009 1338 Lobos
1046 1303 1185 1350 opticos
1221 1302 1398 1338 thalamos
1437 1302 1593 1350 appellat
1626 1303 1780 1350 opticos,
1817 1302 1880 1337 scd
1909 1302 2000 1338 inter

213 1371 434 1407 anatomicos
468 1370 684 1406 recentiores
721 1375 820 1411 sunt,
857 1369 917 1417 qui
946 1375 1093 1417 negent,
1132 1368 1199 1404 1105
1228 1368 1360 1404 idcirco
1390 1368 1436 1404 ab
1466 1381 1508 1404 eo
1538 1368 1702 1404 thalamis
1732 1368 1857 1416 opticis
1886 1368 1999 1404 homi-

214 1450 298 1474 num
328 1443 556 1486 comparatos
587 1448 666 1473 esse
696 1435 788 1480 (Vid.
820 1435 1046 1472 Gottscbe.
1088 1435 1320 1472 Muellcr's
1350 1434 1483 1471 Archiv
1509 1436 1632 1479 1835).
1674 1435 1794 1471 Lobos
1816 1441 1897 1470 aute
1917 1434 1996 1470 illos

212 1505 369 1553 positos,
407 1503 613 1540 olfactorios
650 1503 825 1545 nominat,
862 1502 911 1538 ita
948 1508 1001 1545 ut,
1040 1502 1069 1537 si
1103 1502 1178 1538 bini
1213 1502 1247 1538 in
1282 1508 1437 1550 utroque
1472 1501 1582 1537 latere
1611 1502 1855 1544 inveniantur,
1892 1501 1997 1537 binos

214 1583 293 1608 esse
327 1570 434 1607 lobos
473 1569 680 1606 olfactorios
717 1568 890 1605 concedat
928 1580 1074 1604 necesse
1105 1569 1159 1604 sit.
1216 1569 1337 1605 Lobos
1367 1569 1586 1616 posteriores
1615 1569 1650 1604 in
1680 1568 1770 1604 med.
1803 1568 1997 1616 oblongata

213 1644 358 1686 pontem
386 1636 673 1677 mammillarem,
701 1635 808 1671 lobos
838 1634 1024 1671 inferiores
1055 1635 1243 1671 tubercula
1272 1635 1477 1671 renisormia
1505 1642 1625 1671 vocat.

349 1704 384 1740 V
391 1704 462 1752 icq
492 1703 667 1751 d'Azyr‚
697 1703 759 1751 qui
788 1714 869 1738 eum
899 1708 1044 1737 secutus
1074 1708 1138 1745 est,
1169 1701 1212 1738 (10
1236 1701 1578 1750 Chondropterygiis
1605 1700 1688 1736 nihil
1712 1707 1835 1738 notata
1857 1701 1997 1749 dignius

214 1776 486 1813 commemorat,
522 1769 628 1805 lobos
665 1768 826 1817 singulos
865 1768 1061 1804 secuudum
1100 1769 1206 1804 situm
1243 1768 1447 1805 discernens
1481 1769 1516 1803 in
1546 1768 1759 1811 anteriores,
1795 1768 1932 1803 medios
1963 1774 1999 1803 et

212 1838 441 1886 posteriores.
485 1836 592 1884 Cujus
621 1835 795 1884 principia
823 1835 857 1870 in
887 1835 980 1870 lobis
1013 1835 1283 1871 denominandis
1314 1842 1348 1871 et
1377 1834 1634 1871 constituendis
1659 1835 1762 1870 ctiam
1792 1834 1947 1870 Monro
1965 1831 1996 1878 ⁸)

214 1904 401 1952 amplexus
440 1909 510 1946 est,
553 1903 614 1950 qui
652 1901 796 1950 quidem
838 1901 873 1936 in
911 1900 1146 1937 delineatione
1191 1901 1329 1937 cerebri
1365 1901 1475 1948 Rajae
1519 1901 1613 1937 batis
1659 1900 1836 1945 (Skate)
1881 1907 1916 1937 et
1952 1913 1997 1936 ex

214 1971 397 2019 superiore
433 1976 468 2005 et
504 1981 549 2005 ex
585 1968 752 2004 inferiore
788 1973 890 2015 parte
927 1968 1128 2003 accuratius
1165 1968 1244 2015 egit.
1303 1967 1406 2015 Quod
1435 1967 1481 2003 ad
1510 1967 1716 2015 Rajidarum
1744 1979 1834 2003 vero
1864 1979 1997 2003 nervos

214 2036 387 2086 spinales,
419 2036 495 2084 jam
523 2035 643 2078 novit,
673 2041 708 2070 et
737 2034 952 2070 anteriorem
981 2040 1015 2070 et
1043 2034 1280 2082 posteriorem
1308 2034 1466 2070 radicem
1494 2046 1558 2082 per
1576 2034 1762 2082 proprium
1783 2033 1997 2082 cartilaginis

214 2104 375 2140 foramen
406 2103 513 2139 exire.

348 2164 504 2213 Ebe14)
535 2167 578 2203 de
600 2166 825 2204 Ostacanthis
854 2173 992 2202 tantum
1022 2166 1181 2210 disserit,
1210 2167 1245 2203 111
1275 2166 1483 2203 definiendis
1505 2179 1595 2203 vero
1623 2167 1805 2215 partibus,
1834 2179 1997 2203 normam

215 2236 348 2272 nullam
383 2235 561 2283 sequitur,
598 2245 680 2269 nam
716 2233 948 2276 cerebellum,
985 2233 1083 2282 quod
1112 2234 1266 2281 maj0res
1298 2234 1413 2269 cuncti
1443 2239 1592 2269 externa
1615 2234 1690 2280 jam
1718 2233 1834 2268 sorma
1864 2245 1996 2281 cogno-

215 2309 359 2345 verant,
403 2301 551 2338 cerebro
595 2300 739 2349 proprie
784 2299 877 2336 dicto
923 2301 1097 2348 assignat,
1142 2306 1177 2336 et
1212 2300 1246 2336 in
1284 2300 1442 2347 Cyprino
1478 2299 1767 2336 intumescentias
1805 2311 1996 2348 corporum

216 2368 471 2405 restiformium
502 2367 717 2404 cerebellum
747 2378 826 2403 esse
857 2366 968 2410 ducit,
998 2366 1161 2402 lobulum
1189 2365 1345 2402 medium
1375 2366 1465 2402 inter
1492 2365 1569 2402 illas
1588 2367 1765 2414 jacentem
1788 2367 1996 2402 eminentiae

359 2506 378 2549 ¹)
408 2509 602 2540 Valentio:
640 2508 904 2551 Amphitheatrum
935 2509 1152 2545 zootomicum,
1185 2507 1296 2539 tabulis
1327 2508 1440 2545 aeneis,
1474 2507 1618 2539 exhibens
1647 2508 1802 2539 historiam
1827 2507 1996 2538 animalium

216 2563 422 2594 anatomicam.
470 2561 755 2593 Frankfurt1720.

358 2613 379 2655 ²)
409 2615 551 2646 Haller:
590 2614 689 2657 Opera
714 2616 872 2646 anatomici
898 2616 1065 2658 argumenti
1089 2616 1213 2645 minora.
1262 2614 1350 2647 Tom.
1374 2614 1418 2645 Ill.
1466 2614 1623 2645 Lausanne
1652 2612 1746 2645 1768.

357 2665 379 2707 ³)
410 2668 475 2699 The
500 2675 648 2700 structure
671 2668 729 2699 and
754 2668 938 2711 physiology
964 2667 998 2698 os
1017 2667 1107 2698 fishes
1132 2667 1290 2709 explained
1315 2667 1373 2698 and
1398 2666 1557 2709 compared
1581 2666 1657 2697 with
1680 2666 1766 2698 those
1791 2666 1826 2698 os
1845 2678 1913 2698 man
1936 2667 1994 2698 and

218 2722 305 2754 other
329 2722 461 2753 animals.
509 2721 557 2764 By
580 2721 753 2753 Alexander
776 2722 895 2752 Monro.
944 2720 1123 2763 Edinburgh
1151 2719 1245 2751 1785.

358 2773 380 2813 ⁴)
410 2774 516 2806 Ebel:
549 2774 784 2806 Observationes
809 2774 1019 2816 neurologicae
1044 2784 1082 2805 ex
1105 2773 1255 2805 Anatome
1280 2780 1459 2816 comparata.
1509 2773 1639 2815 Trajecti
1664 2772 1700 2804 ad
1725 2773 1871 2804 Viadrum
1898 2773 1992 2805 1785.
