2166 3084
1063 122 1119 161 39

198 254 294 304 apud
322 254 586 302 Plagiostomos
623 252 731 288 hasce
767 257 889 300 partes
920 250 1178 299 cognovimus,
1212 248 1325 286 multo
1354 256 1473 286 tamen
1501 249 1618 285 minus
1648 248 1834 293 evolutas,
1871 262 1981 298 quam

198 320 294 370 apud
322 319 605 368 Holocephalos3
635 324 717 354 sunt
746 329 874 365 nempe
903 316 1089 353 tubercula
1117 315 1337 352 intermedia.
1392 316 1458 352 Hic
1482 327 1628 364 quoque
1648 315 1839 352 fasciculos
1860 315 1980 360 edunt,

199 388 258 436 qui
298 393 437 435 partem
472 397 616 422 crurum
645 384 782 420 cerebri
816 383 1038 431 superiorem
1066 382 1241 425 formant,
1278 381 1342 418 sed
1371 394 1451 418 cum
1479 381 1626 430 reliquis
1655 381 1850 418 eorundem
1880 382 1980 419 fibris

197 453 306 489 modo
335 465 400 501 per
428 451 536 488 telam
566 450 831 498 conjunctivam
859 449 942 486 laxe
971 455 1171 492 nectuntur,
1200 449 1249 484 ita
1278 454 1317 484 ut
1346 454 1555 496 segregatos
1584 447 1630 484 ad
1656 449 1845 484 transitum
1865 461 1981 497 usque

198 520 233 556 in
267 519 391 555 lolium
430 529 656 554 communem
691 516 860 565 persequi
897 515 1097 564 possimus,
1133 514 1228 551 unde
1266 526 1391 550 eorum
1427 513 1616 550 decursum
1652 514 1856 550 ulteriorem
1893 527 1981 551 mox

196 585 424 622 intuebimur.
479 583 653 631 Reliquae
689 581 881 631 pedunculi
917 581 1054 618 cerebri
1089 581 1202 617 fibrae
1236 581 1367 629 partim
1396 592 1415 616 e
1443 579 1650 616 lateralibus
1678 579 1753 616 lobi
1782 581 1890 628 optici
1917 593 1980 629 pa-

195 651 364 694 rietibus,
402 650 534 698 partim
569 662 614 686 ex
650 648 839 685 habenulis
868 647 1185 697 longitudinalibus
1214 646 1461 695 pyramidum,
1496 658 1561 695 per
1589 645 1740 682 fundum
1767 646 1843 683 lobi
1872 646 1980 695 optici

197 716 468 754 decurrentibus
497 716 782 765 proficiscuntur.

331 782 534 831 Longitudo
568 781 761 831 pedunculi
796 781 933 817 cerebri
964 780 1171 817 Chimaerae
1207 779 1402 816 admodum
1438 778 1554 815 differt
1582 779 1628 814 ab
1658 791 1701 815 ea
1730 778 1980 827 Calorhynchi,

198 851 298 898 cujus
326 850 378 886 rei
407 861 516 886 causa
543 849 578 884 in
609 860 651 885 eo
681 854 751 891 est,
788 847 887 896 quod
917 846 1156 895 Calorhynchi
1183 845 1259 882 lobi
1292 857 1498 881 communes
1532 845 1606 881 sere
1634 845 1790 882 medium
1820 846 1978 882 cranium

197 922 329 959 tenent,
362 915 570 953 Chimaerae
599 921 719 950 autem
746 914 910 962 proxime
940 913 986 949 ad
1016 913 1087 948 oris
1115 913 1251 961 apicem
1279 911 1542 960 protenduntm·
1561 909 1600 957 ¹).

330 982 422 1019 Lobi
458 992 683 1023 communes,
718 980 813 1016 intus
850 979 970 1022 solidi,
1005 979 1040 1014 in
1074 978 1164 1015 facie
1193 978 1360 1014 inferiore
1389 977 1505 1014 nullos
1535 977 1727 1014 ostendunt
1756 977 1893 1021 sulcos,
1928 979 1978 1015 ita

198 1048 361 1098 quidem,
403 1054 443 1084 ut
476 1059 542 1096 pro
577 1058 699 1083 massa
733 1046 918 1083 medullari
956 1045 1181 1094 homogenea
1214 1044 1355 1093 possint
1387 1044 1530 1087 haberi,
1573 1056 1726 1092 superne
1755 1051 1875 1080 autem
1904 1051 1978 1081 tam

198 1115 288 1152 altas
325 1115 479 1151 offerunt
512 1114 706 1156 incisuras,
749 1119 789 1148 ut
825 1112 896 1148 duo
933 1112 1008 1148 lobi
1044 1112 1201 1160 separati
1237 1117 1449 1159 appareant,
1491 1122 1645 1159 quorum
1681 1111 1861 1158 posterior
1897 1111 1978 1147 finis

195 1180 391 1218 latissimus
412 1187 476 1224 est,
499 1180 617 1216 media
635 1191 720 1228 pars
747 1179 865 1216 levem
887 1178 1033 1215 exhibet
1053 1178 1273 1220 stricturam,
1300 1183 1505 1213 antrorsum
1523 1188 1648 1213 rursus
1672 1177 1931 1225 amplificantur
1941 1174 1977 1222 ²).

331 1247 461 1283 Fibrae
496 1246 687 1295 pedunculi
725 1245 863 1281 cerebri
895 1245 930 1280 in
966 1243 1157 1280 formando
1193 1243 1352 1280 lacunari
1381 1243 1427 1280 ab
1457 1243 1685 1279 inferioribus
1715 1243 1761 1279 ad
1790 1244 1978 1292 superiora

197 1320 232 1351 et
259 1313 429 1349 interiora
456 1318 626 1360 pergunt,
656 1324 699 1348 ea
727 1318 848 1348 autem
875 1311 1032 1353 ratione,
1061 1317 1100 1346 ut
1128 1321 1254 1357 margo
1283 1322 1406 1346 earum
1437 1321 1624 1358 supremus
1655 1310 1778 1354 (fibrae
1807 1323 1828 1346 a
1855 1310 1976 1347 tuber-

197 1380 285 1416 culis
326 1378 543 1415 intermediis
579 1378 867 1427 proficiscentes)
909 1383 1048 1425 partem
1087 1376 1248 1412 intimam
1288 1382 1509 1424 postremam
1550 1375 1625 1411 lobi
1667 1376 1864 1412 communis
1905 1388 1977 1412 non

198 1446 344 1495 operiat.
401 1445 480 1482 Tali
508 1444 635 1488 modo,
673 1444 771 1493 quod
799 1450 924 1480 nostra
952 1443 1067 1491 figura
1096 1442 1219 1485 docet,
1257 1454 1383 1490 margo
1414 1443 1526 1478 oritur
1554 1448 1700 1485 acutus,
1729 1442 1791 1490 qui
1818 1454 1975 1479 massam

196 1511 427 1549 medullarem
457 1511 639 1548 subditam
666 1511 741 1547 lobi
769 1517 973 1547 antrorsum
1003 1516 1037 1546 et
1065 1515 1271 1545 extrorsum
1299 1509 1348 1545 ita
1376 1508 1559 1557 praecidit,
1592 1515 1632 1545 ut
1659 1507 1744 1545 nodi
1772 1508 1976 1545 medullaris

195 1578 339 1615 rotundi
369 1577 522 1626 effigiem
550 1574 739 1621 reserat⁸).

333 1645 448 1692 Quum
483 1645 590 1693 igitur
624 1643 817 1692 pedunculi
852 1643 990 1679 cerebri
1023 1641 1121 1690 apud
1156 1648 1348 1689 utrumque
1383 1652 1496 1690 genus
1532 1640 1679 1678 diversa
1707 1641 1753 1677 sit
1779 1640 1976 1689 longitudo,

195 1723 281 1761 pars
317 1723 463 1760 quoque
499 1711 766 1747 communicans
801 1710 892 1746 inter
925 1708 1052 1745 lobum
1087 1720 1314 1744 communem
1349 1713 1384 1744 et
1419 1719 1580 1756 organon
1619 1706 1861 1750 olfactorium,
1896 1708 1916 1743 i.
1947 1720 1976 1744 e.

195 1789 331 1816 nervus
377 1777 600 1821 olfactorius,
643 1776 823 1825 inaequali
864 1775 1086 1823 longitudine
1129 1781 1250 1811 utatur
1292 1785 1440 1810 necesse
1477 1780 1540 1810 est.
1600 1773 1706 1821 Apud
1743 1773 1977 1817 Chimaeram,

196 1845 298 1893 cujus
328 1856 458 1881 cavum
489 1844 598 1880 cranii
626 1843 791 1891 proxime
820 1848 901 1878 ante
929 1841 1055 1878 lobum
1084 1852 1310 1877 communem
1338 1840 1565 1883 terminatur,
1593 1851 1728 1876 nervus
1758 1839 1976 1883 olfactorius,

199 1911 305 1947 simul
340 1922 382 1946 ac
418 1917 559 1959 septum
596 1909 745 1946 obstans
781 1908 996 1957 perforavit,
1040 1908 1160 1944 statim
1196 1919 1261 1955 per
1297 1918 1456 1954 organon
1493 1906 1718 1942 olfactorium
1753 1905 1976 1942 lamellosum

197 1977 423 2020 diffunditur3
459 1976 555 2025 apud
585 1974 873 2023 Calorhynchum
909 1985 998 2011 vero
1027 1974 1143 2021 major
1170 1972 1245 2009 lobi
1275 1973 1473 2009 communis
1503 1973 1550 2009 ab
1580 1973 1651 2008 oris
1681 1973 1780 2020 apice
1810 1971 1977 2009 distantia

195 2044 299 2081 nervi
329 2043 505 2079 olfactorii
535 2042 726 2079 decursum
755 2041 871 2077 reddit
899 2040 1097 2088 longiorem
1107 2036 1143 2085 ⁴).
1183 2038 1290 2087 Apud
1315 2038 1409 2075 hunc
1435 2039 1542 2075 etiam
1563 2039 1656 2074 circa
1675 2032 1777 2075 liervi
1801 2038 1977 2074 olfactorii

195 2110 320 2153 finem,
355 2115 548 2157 antequam
583 2108 692 2144 cranii
728 2108 921 2145 cavitatem
955 2106 1139 2154 relinquit,
1183 2105 1275 2142 duae
1310 2105 1602 2141 intumescentiae
1637 2103 1845 2153 gangliosae
1879 2103 1976 2141 haud

196 2176 394 2213 mediocres
431 2175 674 2211 observantur
691 2172 739 2219 ⁵),
778 2186 871 2222 quae
907 2179 1027 2209 utrum
1058 2172 1265 2209 Chimaerae
1294 2177 1514 2219 competant,
1552 2170 1715 2206 dirimere
1744 2182 1815 2205 non
1843 2171 1976 2212 ausim3

197 2242 295 2291 apud
323 2241 558 2290 exemplaria,
588 2252 681 2289 quae
710 2239 876 2288 equidem
905 2238 1127 2281 examinavi,
1156 2249 1228 2274 non
1255 2237 1541 2280 inveniebantur,
1570 2242 1725 2273 attamen
1753 2235 1845 2272 hanc
1874 2248 1975 2272 ence-

196 2308 293 2357 phali
319 2314 459 2356 partem
486 2307 578 2343 male
608 2312 833 2342 asservatam
861 2305 973 2341 fuisse
1000 2304 1126 2341 fateor.

334 2373 470 2422 Quodsi
498 2373 685 2422 superiora
714 2372 993 2420 complectimur,
1024 2369 1258 2419 encephalum
1279 2369 1485 2406 Chimaerae
1515 2367 1561 2405 ab
1591 2367 1717 2404 eodem
1738 2366 1976 2415 Calorhynchi

197 2440 424 2489 potissimum
452 2439 614 2488 longiore
643 2438 779 2475 cerebri
808 2437 1010 2487 pedunculo
1040 2443 1075 2474 et
1102 2437 1271 2474 breviore
1300 2447 1415 2473 nervo
1445 2434 1631 2472 olfactorio
1656 2434 1857 2482 discrepare
1877 2432 1976 2470 vide-

339 2565 360 2607 ¹)
391 2566 468 2598 Tab.
494 2567 526 2598 11.
566 2566 616 2608 fig.
643 2565 661 2596 7
687 2572 716 2597 et
738 2566 788 2608 fig.
814 2564 833 2597 9
858 2576 887 2602 α,
912 2564 940 2596 b.

337 2617 359 2659 ⁹)
391 2619 467 2651 Tab.
493 2619 526 2651 Π.
565 2619 614 2661 fig.
641 2618 659 2649 7
684 2629 713 2649 α.

336 2671 359 2711 ³)
389 2672 466 2704 Tab.
491 2672 523 2703 II.
562 2672 612 2715 fig.
639 2671 657 2702 7
682 2682 711 2702 n.

338 2723 360 2763 ⁴¹)
390 2725 466 2756 Tab.
492 2725 524 2755 ll.
564 2725 615 2767 fig.
642 2725 659 2755 7
687 2730 716 2755 et
738 2723 787 2766 fig.
814 2722 844 2755 9.
869 2723 889 2754 I.

339 2776 360 2816 5)
392 2777 468 2809 Tab.
493 2777 525 2808 11.
565 2777 613 2819 fig.
641 2776 660 2808 9
686 2787 710 2807 s.
