2166 3084
1034 134 1091 173 36

169 267 369 310 fundibulo,
397 265 491 302 lobis
518 263 747 300 inferioribus
770 268 805 299 et
827 262 1020 298 chiasmate
1042 261 1139 298 haud
1156 261 1357 310 ignorabat,
1385 253 1527 297 minime
1547 259 1786 297 ventriculum
1805 258 1949 294 tertium

170 333 307 382 posuit,
344 332 407 369 sed
442 343 508 379 pro
546 329 816 378 hemisphaeriis
854 340 916 364 eos
952 328 1093 372 habuit,
1136 340 1229 377 quae
1265 328 1432 376 deinceps
1467 327 1572 363 lobos
1611 326 1818 362 olfactorios
1848 324 1951 373 sequi

171 399 335 435 debeant.
393 398 531 445 Corpus
567 395 817 432 malleoideum
852 395 967 443 impar
993 395 1119 431 lobum
1147 394 1336 431 ventriculi
1363 394 1474 437 tertii,
1509 392 1707 430 habenulas
1736 390 1950 428 medullares

170 471 285 502 tortas
315 463 531 501 cerebellum
560 462 764 511 appellavit.
809 461 947 498 Cavum
977 461 1131 509 denique
1160 461 1369 497 eminentiae
1395 459 1596 509 bigeminae
1628 459 1664 495 in
1692 464 1794 507 parte
1818 468 1951 506 aquae-

172 531 300 567 ductus
330 530 449 579 Sylvii
479 529 677 566 collocavit.

306 597 388 634 Jam
416 596 457 632 R.
486 596 704 644 Wagner,
738 594 1029 631 Valentinum
1060 593 1238 629 medullae
1268 593 1483 641 oblongatae
1511 598 1651 641 partem
1678 602 1745 639 pro
1775 589 1952 626 cerebello

170 663 354 706 habuisse,
384 675 430 699 ex
457 663 532 710 ejus
560 661 799 709 descriptione
826 667 861 697 et
883 660 985 696 icone
1006 660 1197 702 conclusit3
1227 659 1282 695 cui
1303 659 1477 695 sententia
1496 659 1713 706 suffragatus
1732 652 1952 700 Mueller¹)

173 741 303 777 corpus
346 727 613 771 malleoideum,
654 727 780 763 lohum
815 727 866 762 sie
908 725 1041 762 dictum
1076 725 1265 762 ventriculi
1298 725 1408 768 tertii,
1451 724 1664 761 cerebellum
1700 735 1779 760 esse
1816 722 1953 764 docum

173 796 302 843 (quam
345 794 548 843 opinionem
591 799 868 829 consentaneam
904 803 1001 834 esse,
1044 791 1137 828 infra
1173 791 1481 839 argumentabor).
1535 791 1725 827 Praeterea
1759 790 1780 827 J
1789 801 1953 826 oannes

171 861 375 904 Mueller,
412 860 518 896 lobos
556 871 668 895 cavos
701 858 907 907 peramplos
936 858 1043 894 lobos
1074 858 1212 906 opticos
1242 864 1276 894 et
1304 856 1606 905 hemisphaericos
1636 855 1838 904 complecti,
1874 868 1954 891 ner-

172 939 316 975 vosque
350 926 555 963 olsactorios
586 938 604 962 e
633 925 777 974 ganglio
806 924 1044 961 minutissimo
1074 923 1263 967 oriundos,
1299 925 1511 972 priusquam
1540 934 1700 971 organon
1730 921 1954 958 olfactorium

172 993 320 1037 intrent,
350 993 384 1029 in
412 993 563 1029 bulbum
593 993 848 1034 intumescere,
877 990 994 1027 tradit.

311 1056 572 1103 Stannius“')
607 1058 816 1095 Muelleri
852 1057 1127 1093 observationes
1165 1057 1351 1104 ignorasse
1388 1055 1548 1099 videtur,
1584 1055 1688 1091 lobos
1720 1055 1812 1091 enim
1842 1066 1954 1091 cavos

171 1133 319 1175 propter
346 1125 580 1174 hypophysin
611 1131 645 1161 et
674 1124 780 1160 lobos
810 1123 996 1160 inferiores
1027 1122 1131 1159 simul
1159 1122 1421 1170 hemisphaeria
1450 1129 1483 1158 et
1510 1122 1635 1158 lobum
1657 1121 1845 1158 ventriculi
1863 1121 1956 1157 tertii

173 1192 360 1235 exhibere,
396 1193 431 1228 in
466 1190 653 1228 habenulis
685 1189 942 1226 medullaribus
971 1190 1075 1226 tortis
1105 1195 1224 1225 autem
1253 1188 1485 1231 cerebellum,
1520 1189 1555 1224 in
1583 1188 1669 1224 lobo
1700 1187 1827 1236 impari
1856 1187 1954 1232 (lobo

173 1259 321 1295 ventric.
350 1258 444 1294 tertii
469 1257 694 1299 Valentin3
725 1256 901 1293 cerebello
930 1256 1129 1300 Mueller)
1159 1255 1480 1304 mesencephalum,
1510 1267 1573 1291 seu
1603 1254 1828 1291 eminentiam
1855 1253 1955 1302 bige-

173 1326 306 1361 minam
335 1325 431 1361 cerni
459 1324 622 1360 affirmat.

309 1391 467 1427 Primum
489 1390 696 1427 Chimaerae
725 1388 968 1437 encephalum,
999 1387 1098 1437 quod
1127 1387 1404 1424 examinandum
1431 1387 1515 1423 mihi
1544 1387 1771 1429 offerebatur,
1801 1399 1820 1422 e
1847 1387 1956 1423 cranii

177 1458 331 1494 cavitate
361 1463 577 1505 exemptum,
610 1455 860 1492 tantummodo
889 1455 983 1491 lohis
1013 1454 1212 1497 constabat,
1243 1466 1335 1502 quos
1365 1454 1577 1490 valentin
1613 1453 1810 1501 descripsit.
1866 1453 1955 1490 Mox

177 1530 295 1561 autem
314 1523 472 1572 patebat,
499 1534 628 1570 corpus
648 1521 898 1558 malleoideum
917 1522 1033 1570 impar
1052 1527 1238 1569 tortasque
1259 1520 1458 1573 habenulas
1478 1519 1692 1556 medullares
1712 1532 1730 1556 e
1750 1519 1957 1556 Muelleri

178 1591 352 1627 sententia
388 1601 467 1625 esse
500 1587 801 1637 interpretandas:
843 1600 889 1624 ex
924 1594 1001 1624 toto
1040 1587 1132 1624 enim
1171 1599 1250 1623 cum
1288 1587 1413 1623 iisdem
1441 1587 1767 1635 Plagiostomorum
1794 1585 1957 1634 partibus

178 1657 420 1700 consentiunt,
450 1656 479 1691 si
508 1656 554 1692 ab
585 1667 627 1691 eo
658 1654 877 1697 discesseris,
906 1654 1005 1702 quod
1032 1653 1233 1690 habenulae
1262 1653 1475 1689 medullares
1506 1653 1702 1701 elegantius
1731 1659 1846 1689 tortae
1876 1659 1959 1688 sunt

177 1735 287 1772 quam
320 1722 646 1771 Plagiostomorum
662 1718 701 1766 ³).
758 1720 861 1769 Quod
898 1720 1117 1757 anatomicas
1153 1720 1277 1756 attinet
1310 1720 1484 1763 rationes,
1519 1732 1585 1768 pro
1615 1719 1828 1767 corporibus
1856 1719 1958 1755 resti-

175 1789 353 1826 formibus
390 1788 577 1825 habendae
613 1794 711 1830 sunt;
753 1787 881 1824 etenim
918 1798 1106 1835 supremos
1135 1793 1170 1823 et
1199 1793 1379 1823 extremos
1418 1785 1606 1823 ventriculi
1642 1786 1761 1834 quarti
1787 1785 1958 1821 terminos

178 1856 409 1899 constituunt,
438 1854 675 1903 posteriorem
705 1854 809 1890 nervi
835 1853 1013 1902 trigemini
1040 1852 1196 1889 radicem
1226 1853 1388 1889 emittunt
1416 1859 1450 1888 et
1477 1851 1673 1900 syndrome
1700 1864 1766 1888 sua
1787 1851 1959 1900 imprimis

179 1934 310 1971 corpus
345 1921 431 1958 illud
466 1917 628 1970 impar⁴)
673 1920 915 1963 conformant,
951 1919 1049 1968 quod
1085 1926 1233 1968 propter
1261 1920 1385 1962 situm,
1428 1918 1579 1967 figuram
1608 1925 1643 1955 et
1672 1918 1863 1954 cavitatem
1891 1929 1958 1966 pro

179 1988 355 2025 cerebello
387 1988 564 2024 habeatur
593 1994 744 2035 oportet.
787 1986 891 2034 Quod
918 1987 1071 2034 pertinet
1098 1986 1144 2022 ad
1172 1986 1278 2022 lobos
1308 1997 1431 2028 cavos,
1461 1991 1541 2021 ante
1571 1991 1606 2021 et
1634 1984 1726 2020 infra
1746 1984 1958 2020 cerebellum

178 2051 364 2103 positos⁵)‚
393 2066 508 2102 neque
542 2053 672 2102 plures,
703 2065 819 2101 neque
848 2053 1036 2100 pauciores
1065 2059 1185 2100 partes
1214 2053 1248 2087 in
1277 2052 1319 2087 iis
1349 2051 1532 2099 conspexi,
1563 2062 1670 2099 quam
1698 2051 1732 2086 in
1760 2050 1959 2098 Plagiosto-

179 2133 321 2157 morum
354 2120 447 2156 lobis
485 2120 628 2168 opticis,
664 2132 747 2156 nam
781 2126 815 2155 et
847 2119 882 2154 in
910 2119 983 2161 his,
1020 2125 1055 2154 et
1082 2119 1116 2154 in
1145 2117 1212 2154 illis
1243 2118 1382 2153 criteria
1412 2116 1644 2165 deprehendi,
1681 2128 1774 2165 quae
1802 2117 1836 2152 in
1864 2116 1958 2152 lobis

181 2186 281 2223 djctis
319 2187 619 2223 consociationem
655 2185 864 2222 eminentiae
898 2185 1099 2233 bigeminae
1133 2191 1168 2221 et
1196 2183 1383 2221 ventriculi
1412 2183 1505 2219 tertii
1534 2183 1629 2219 cerni
1653 2182 1796 2231 jubent,
1832 2195 1960 2231 nempe

181 2253 444 2302 elongationem
473 2254 506 2288 111
536 2252 810 2295 infundibulum,
840 2257 874 2288 et
902 2251 1005 2288 nervi
1034 2250 1180 2287 secundi
1210 2257 1244 2287 et
1273 2250 1391 2299 quarti
1420 2250 1585 2298 origines.

315 2321 496 2357 Hactenus
526 2319 645 2355 onmia
674 2331 753 2354 cum
781 2319 834 2361 iis,
865 2330 960 2366 quae
989 2317 1086 2367 apud
1105 2317 1368 2365 Plagiostomos
1390 2327 1642 2364 cognoveram,
1672 2315 1961 2358 consentiebant;

326 2471 345 2514 ¹)
375 2474 488 2505 Archiv
511 2473 559 2504 siir
582 2472 758 2509 Anatomie,
788 2472 981 2515 Pliysiologie
1006 2471 1069 2503 und
1093 2470 1379 2503 wissenschastliche
1403 2469 1542 2501 MedIcIn.
1594 2468 1688 2501 1843.
1736 2468 1961 2501 Jahresbericht

183 2538 252 2570 pag.
278 2538 376 2558 cerm.

325 2579 346 2620 ²)
376 2579 535 2611 Lehrbuch
565 2579 618 2611 der
646 2578 894 2622 vergleiehenden
918 2579 1078 2610 Anatomie
1101 2589 1162 2609 von
1187 2589 1214 2608 v.
1241 2576 1328 2609 Sieb
1341 2575 1401 2608 old
1432 2575 1494 2607 und
1520 2575 1711 2607 Stannius.
1759 2574 1873 2606 Zweite
1897 2575 1962 2606 Ab·

184 2632 332 2675 theilung‚
365 2639 457 2664 erstes
481 2632 559 2664 Hest.
600 2644 669 2675 pag.
695 2632 747 2663 57.

325 2684 346 2724 ³)
378 2685 455 2716 Tab.
480 2686 512 2716 Il.
553 2686 602 2728 fig.
629 2685 649 2716 8
673 2697 734 2716 αα.

325 2736 347 2777 ⁴)
377 2738 454 2769 Tab.
480 2739 511 2769 11.
552 2738 601 2780 fig.
628 2738 646 2768 7
673 2745 701 2769 et
724 2738 773 2780 fig.
800 2737 819 2769 8
844 2738 873 2768 d.

326 2790 347 2830 ⁵)
380 2791 456 2821 Tab.
481 2791 514 2822 ll.
554 2791 604 2833 fig.
631 2791 648 2820 7
676 2802 700 2821 c.
