2166 3084
1028 142 1085 180 44

169 281 289 324 partes
319 280 399 309 ante
428 273 545 321 ipsum
574 272 709 320 positas
737 271 940 319 porrigitur.
982 270 1148 307 Anterior
1170 269 1289 318 potius
1313 270 1387 316 ejus
1403 256 1496 317 ¹pars
1520 268 1755 316 posteriorem
1777 268 1945 305 lohorum

171 342 369 389 optinorum
399 340 443 384 (c)
473 338 622 386 attingit,
652 337 713 386 qui
741 337 891 373 eandem
919 337 1094 373 rationem
1123 348 1204 372 eum
1232 335 1501 383 hemisphaeriis
1531 336 1597 383 (9),
1627 341 1708 370 ante
1733 335 1832 383 ipsos
1857 335 1944 378 sitis,

171 407 279 443 alunt.
335 405 423 442 Lobi
458 405 653 441 anteriores
682 404 815 440 minimi
846 410 943 447 sunt,
981 403 1056 439 lobi
1086 402 1260 439 olfactorii
1288 403 1369 450 (p),
1406 414 1451 437 ex
1481 401 1612 450 quibus
1641 401 1743 437 nervi
1772 401 1948 437 olfactorii

172 474 342 509 oriuntur.
398 472 434 508 In
470 471 580 507 latere
615 471 781 506 inferiore
816 470 923 519 positi
959 476 1042 506 sunt
1076 469 1152 505 lobi
1188 468 1374 505 inferiores
1410 475 1491 504 ante
1527 467 1703 504 funiculos
1732 467 1946 503 rotundatos

170 538 346 575 medullae
382 538 614 586 oblongatae,
650 538 740 573 inter
776 549 814 573 se
847 536 1082 585 hypophysin
1120 535 1272 578 cerebri,
1308 534 1407 571 sulco
1443 535 1478 570 in
1515 534 1604 570 duas
1633 540 1753 582 partes
1784 533 1947 576 divisam,

173 606 413 648 continentes,
443 617 535 653 qnae
565 604 678 640 antire
708 603 866 639 ehiasma
895 604 1035 651 attingit
1047 599 1079 647 ¹).
1122 601 1228 650 Apud
1257 601 1490 649 exemplaria,
1521 613 1613 649 quae
1642 600 1725 637 mihi
1747 601 1781 636 in
1805 606 1949 648 promtu

173 679 282 714 erant⁷
311 671 465 707 indolem
487 671 681 719 plieaturae
702 677 775 706 tam
796 669 1022 717 singularem,
1052 681 1161 717 quam
1182 668 1278 717 apud
1301 668 1436 704 Amiam
1459 667 1636 710 videmus,
1664 666 1949 703 animadvertere

172 750 243 774 non
278 739 394 786 potui3
431 744 555 773 contra
589 737 691 772 nervi
727 736 834 784 optiri
870 742 1049 772 structura
1077 735 1179 771 facile
1207 734 1513 770 manifestabatur.
1571 734 1719 770 Constat
1747 746 1873 782 nempe
1903 745 1949 769 ex

170 804 381 840 membrana
410 803 621 851 complicata.
647 801 849 845 medullari,
879 808 916 838 at
944 801 1135 850 plicatura,
1165 800 1469 849 quemadmodum
1498 800 1532 836 in
1562 800 1665 836 orulo
1692 800 1948 849 Accipenseris⁷

175 871 224 906 ita
252 870 307 906 hir
336 871 442 906 etiam
472 869 731 917 simplicissima
761 875 824 905 est.

317 1007 336 1050 ¹)
368 1010 444 1041 Tab.
471 1010 491 1041 I.
533 1010 579 1052 fig.
610 1009 649 1041 10
674 1010 703 1047 Ιι,
730 1011 749 1047 i,
776 1009 823 1040 εῘι.
