2166 3084
1041 138 1096 178 21

177 272 360 308 sinistrum
389 270 620 307 membranae
650 268 836 305 dimidium
864 268 1074 304 reclinatum
1104 273 1166 303 est.
1207 266 1318 302 Varia
1348 266 1588 314 conspicimus
1619 265 1818 313 marsupia,
1848 278 1958 301 mem-

176 338 312 375 branae
353 337 455 386 plicis
495 337 667 379 formata,
708 346 800 384 quae
843 334 889 370 ab
930 334 1108 370 exteriore
1146 333 1325 381 margine,
1366 332 1542 369 medullae
1580 331 1796 380 oblongatae
1834 331 1956 375 affixo,

176 416 306 441 versus
344 403 500 440 medium
537 402 739 438 decurrunt.
795 400 927 436 Variae
961 399 1066 447 liujus
1095 399 1237 435 tunicae
1268 399 1488 435 elevationes
1519 405 1553 434 et
1582 399 1802 435 sinuationes
1833 411 1956 447 super-

176 471 292 507 ficiem
328 482 400 506 non
435 469 663 505 mediocriter
698 467 932 516 amplificant,
970 478 1042 514 quo
1078 465 1135 509 fit,
1172 472 1211 502 ut
1240 477 1412 502 vasorum
1444 465 1654 501 ramificatio
1683 477 1853 513 magnum
1883 465 1957 501 adi-

176 537 336 586 piscatur
365 536 530 584 spatimn.

313 603 435 639 Tertia
464 601 690 643 membrana,
723 600 881 636 omnium
909 599 1117 641 tenerrima,
1146 597 1227 646 piae
1256 597 1361 634 matri
1389 597 1494 646 plane
1523 604 1780 641 consentanea,
1811 598 1957 646 singulis

178 668 360 718 encephali
388 668 483 704 lobis
512 667 643 703 insidet
671 673 706 703 et
734 666 768 702 in
800 678 923 702 omnes
954 666 1029 713 ejus
1060 665 1235 701 cavitates
1266 663 1458 701 descendit.

312 735 418 771 Ratio
449 733 721 782 magnitudinis,
756 745 849 781 quae
878 733 969 768 inter
998 730 1231 780 encephalum
1263 737 1298 767 et
1327 743 1458 767 cavum
1488 730 1596 766 cranii
1627 730 1826 774 intercedit,
1854 731 1959 768 varia

179 809 249 845 est,
284 801 446 850 plurimis
477 808 596 837 tamen
626 801 660 836 in
691 800 835 836 casibus
866 798 1023 847 amplum
1053 805 1173 834 exstat
1201 798 1356 846 spatium
1385 798 1476 833 inter
1505 797 1642 833 cerebri
1672 797 1895 845 superficiem
1925 804 1959 834 et

177 869 355 905 internum
385 868 496 904 cranii
523 867 713 916 parietem,
750 865 855 914 adipe
883 865 1037 913 liquido,
1067 871 1106 901 ut
1134 864 1230 913 apud
1260 863 1514 906 Ostacanthos,
1543 863 1727 912 repletum.
1783 864 1861 900 Hoc
1884 865 1959 912 Jam

177 935 340 985 plurimis
378 934 620 982 antiquiorum
650 933 934 969 anatomicorum
964 932 1184 974 innotuerat,
1222 931 1282 979 qui
1311 931 1359 966 ita
1386 943 1462 966 rem
1492 930 1662 978 explicari
1692 930 1959 973 existimabant,

178 1009 217 1039 ut
245 1002 313 1038 hoc
342 1001 450 1037 modo
481 1000 723 1049 impediretur,
754 999 946 1048 quominus
972 998 1097 1046 capitis
1121 997 1283 1046 gravitas
1306 996 1413 1033 medii
1435 997 1624 1032 ambientis
1647 996 1788 1044 pondus
1811 997 1959 1032 nimium

180 1074 375 1118 superaret.
431 1067 690 1115 Excepfiones,
728 1066 795 1102 etsi
825 1078 944 1108 rarae,
976 1077 1047 1100 non
1076 1064 1180 1112 plane
1210 1063 1393 1106 deficiunt3
1429 1063 1525 1111 apud
1555 1064 1764 1111 Zygaenam
1793 1063 1959 1099 malleum

180 1148 208 1172 e.
238 1148 290 1184 gr.
321 1134 474 1183 spatium
510 1134 578 1182 ipsi
613 1132 808 1181 encephalo
846 1132 1001 1168 dicatum
1037 1131 1273 1180 perexiguum
1310 1137 1365 1166 est
1402 1136 1436 1166 et
1465 1130 1574 1166 cranii
1603 1129 1828 1178 cartilagines
1859 1142 1960 1166 ence-

178 1201 275 1251 phali
302 1201 397 1237 lobis
428 1200 548 1236 stricte
576 1199 741 1235 insident.

316 1266 419 1315 Quod
461 1265 506 1302 ad
547 1266 665 1314 ipsum
707 1265 833 1301 attinet
873 1263 1124 1312 encepllalum,
1166 1264 1201 1299 in
1245 1262 1513 1299 considerandis
1557 1263 1703 1311 singulis
1739 1263 1902 1311 partibus
1939 1274 1960 1298 a

180 1334 333 1371 transitu
363 1332 537 1369 medullae
567 1331 712 1380 spinalis
742 1331 775 1366 in
807 1331 1011 1373 cerebrum,
1041 1342 1169 1378 nempe
1198 1342 1219 1365 a
1247 1329 1401 1365 medulla
1432 1329 1627 1377 oblongata
1645 1326 1690 1373 ¹),
1721 1329 1912 1365 ordiamur.

314 1400 406 1436 Mira
434 1399 550 1447 primo
581 1398 722 1434 obtuitu
752 1397 883 1434 eximia
909 1397 1012 1445 hujus
1038 1396 1208 1438 evolutio,
1238 1396 1375 1432 ratione
1397 1395 1519 1431 habita
1540 1395 1758 1444 reliquarum
1779 1395 1961 1443 encepliali

179 1467 352 1516 partium,
382 1472 548 1514 apparet,
578 1471 703 1501 contra
732 1463 828 1512 apud
850 1463 1061 1501 Teleosteos
1091 1463 1199 1499 modo
1229 1475 1381 1511 parvam
1412 1463 1535 1510 organi
1565 1462 1729 1498 centralis
1758 1463 1961 1510 portionem

182 1534 283 1570 sistit.
338 1533 377 1569 In
413 1531 568 1568 medulla
605 1531 801 1579 oblongata
829 1531 922 1567 varii
959 1530 1226 1578 conspiciuntur
1256 1529 1361 1571 sulci,
1397 1529 1529 1577 quibus
1560 1528 1593 1564 in
1624 1528 1688 1565 has
1717 1535 1837 1577 partes
1867 1529 1961 1576 prin-

181 1601 277 1649 cipes
314 1598 497 1635 dividitur:
534 1599 568 1634 in
606 1598 696 1634 duas
735 1598 939 1646 superiores
977 1609 1040 1633 seu
1071 1596 1310 1645 posterioi·eS,
1347 1595 1436 1631 duas
1465 1595 1630 1631 laterales
1661 1607 1724 1631 seu
1754 1595 1962 1637 exteriores,

181 1666 271 1703 duas
307 1665 493 1702 inferiores
529 1677 593 1702 seu
628 1665 835 1701 anteriores.
890 1663 1043 1700 Multum
1081 1663 1325 1711 disceptarunt
1359 1662 1550 1698 anatomici
1580 1661 1623 1698 de
1652 1661 1778 1698 harum
1807 1662 1963 1710 partium

181 1732 458 1782 significatione:
493 1732 551 1768 alii
586 1731 713 1768 iisdem
750 1729 935 1779 encephali
970 1730 1116 1766 humani
1144 1730 1309 1778 partibus
1338 1729 1442 1777 plane
1472 1728 1644 1777 analogas
1675 1727 1857 1771 dixerunt,
1894 1727 1962 1770 alii,

182 1799 384 1837 desiderata
427 1798 655 1835 similitudine
698 1803 863 1840 externa,
907 1809 1044 1845 organa
1086 1796 1280 1844 singularia
1316 1807 1396 1832 esse
1432 1801 1670 1844 putaverunt,
1712 1794 1770 1830 alii
1808 1794 1963 1842 denique

183 1866 332 1903 alteram
373 1872 513 1914 partem
552 1864 713 1913 piscibus
753 1863 1039 1911 derogaverunt,
1083 1863 1230 1898 alteram
1264 1861 1476 1898 tribuerunt.
1537 1862 1593 1898 Ab
1632 1868 1781 1897 externa
1818 1860 1963 1909 quidem

183 1931 408 1970 similitudine
439 1931 547 1967 ordiri
575 1922 647 1966 non
676 1930 773 1972 licet,
804 1930 883 1978 quis
908 1930 1001 1965 enim
1024 1940 1154 1978 corpus
1178 1928 1380 1965 restiforme
1404 1927 1556 1964 hominis
1580 1928 1614 1964 in
1638 1934 1740 1976 parte
1762 1927 1963 1976 posteriore

184 1999 367 2048 superiore
397 1997 572 2034 medullae
603 1996 820 2044 oblongatae
850 1996 1066 2044 Squalorum
1097 2001 1303 2043 cognoscat,
1334 1996 1466 2043 quippe
1494 2000 1548 2030 tot
1577 1995 1703 2030 offerat
1728 1994 1896 2037 flexuras,
1925 1999 1965 2029 ut

183 2079 204 2103 a
234 2065 406 2103 Collins
441 2076 521 2100 cum
550 2063 722 2099 intestinis
752 2063 917 2099 humanis
947 2068 1184 2111 comparetur.
1240 2062 1417 2110 Principia
1446 2062 1552 2110 igitur
1581 2061 1733 2097 certiora
1762 2059 1965 2109 indaganda

184 2139 276 2169 sunt.
323 2131 480 2168 Primum
508 2137 629 2179 partes
659 2130 862 2178 superiores
894 2129 1184 2178 contemplemur.
1237 2129 1432 2177 Quousque
1460 2127 1615 2164 medulla
1645 2126 1790 2175 spinalis
1818 2126 1965 2175 propria

183 2205 298 2248 patet,
323 2199 429 2246 juxta
456 2197 549 2232 latus
578 2197 652 2244 ejus
684 2197 846 2244 superius
876 2196 911 2232 in
939 2196 1032 2232 linea
1059 2195 1225 2231 mediana
1254 2195 1374 2231 sulcus
1402 2194 1570 2236 decurrit3
1600 2194 1787 2242 incipiente
1810 2192 1966 2228 medulla

185 2265 396 2314 oblongata,
425 2262 569 2300 funiculi
599 2262 691 2298 illius
721 2262 930 2310 divergunt,
960 2268 999 2298 111
1021 2260 1242 2298 ventriculus
1273 2267 1422 2309 quartus
1452 2260 1636 2296 formetur.
1677 2259 1810 2295 lbidem
1832 2270 1853 2294 a
1877 2258 1964 2294 sulci

183 2333 269 2375 fine,
312 2332 478 2379 utrinque
514 2328 703 2366 ventriculi
746 2329 881 2377 quarti,
922 2327 1014 2364 duae
1056 2328 1349 2364 intumescentiae
1393 2326 1718 2375 oblongo-teretes
1761 2331 1965 2361 antrorsum

184 2398 351 2441 tendunt,
394 2397 469 2433 lobi
505 2396 744 2445 posteriores,
786 2394 806 2430 l.
842 2394 946 2431 nervi
980 2394 1174 2442 trigemini,
1211 2393 1233 2430 l.
1270 2393 1447 2430 medullae
1483 2389 1748 2441 oblongatae²)
1783 2391 1965 2440 prioribus

186 2465 309 2501 dictae.
365 2464 421 2500 Ex
456 2463 509 2499 his
548 2462 781 2511 (plerumque
810 2460 1002 2510 parallelus
1033 2467 1215 2497 extremae
1246 2459 1411 2496 cerebelli
1438 2459 1652 2508 particulae)
1681 2469 1874 2507 processus
1904 2469 1965 2493 an—

184 2538 343 2568 trorsum
364 2530 497 2579 pergit,
527 2530 628 2578 gyris
653 2528 877 2577 elegantibus
906 2527 1028 2564 collari
1057 2527 1237 2563 fimbriato
1261 2526 1435 2563 similibus
1456 2526 1621 2574 insignis,
1651 2525 1711 2573 qui
1734 2524 1965 2573 utplurimum

187 2597 233 2635 ad
269 2603 435 2646 quartam
470 2608 588 2645 usque
618 2602 679 2632 aut
708 2594 864 2638 tertiam,
902 2594 974 2630 imo
1005 2593 1050 2630 ad
1080 2593 1261 2630 dimidiam
1291 2592 1454 2630 cerebelli
1483 2599 1620 2641 partem
1650 2598 1854 2628 antrorsum
1882 2601 1965 2638 pro-

329 2748 350 2790 ¹)
381 2750 416 2782 cf.
444 2750 462 2782 f.
489 2750 628 2781 omnibus
652 2751 681 2781 in
706 2750 810 2792 figuris
835 2748 1026 2791 Squalorum.

327 2801 349 2843 ²)
382 2803 417 2834 cf.
443 2803 521 2835 Tab.
546 2804 590 2834 111.
630 2803 681 2846 fig.
709 2803 723 2834 l
752 2809 781 2834 et
804 2802 852 2845 fig.
879 2801 900 2832 4
924 2813 956 2831 α.
