2166 3084
1038 135 1094 174 33

744 311 994 352 Rajarum
1029 311 1383 354 Bucephalum.

306 395 343 431 111
373 395 609 432 describendo
640 395 833 444 encephalo
862 396 1090 439 familiarum,
1121 408 1214 444 quae
1244 403 1453 445 sequuntur,
1481 396 1592 433 multo
1616 398 1750 445 majore
1772 398 1952 435 brevitate

170 462 222 497 uti
250 461 380 505 licebit,
409 462 580 510 quoniam
608 463 804 510 generatim
827 462 974 499 eaedem
995 469 1116 511 partes
1138 462 1305 511 idemque
1326 463 1500 499 fibrarum
1523 462 1695 500 decursus
1716 465 1951 512 reperiuntur.

169 527 328 565 Medulla
355 528 527 575 Rajarum
556 528 752 576 oblongam
781 529 928 565 eosdem
957 535 1030 565 tres
1059 529 1250 565 fasciculos
1281 530 1447 578 utrinque
1477 530 1651 573 continet,
1688 542 1804 579 neque
1834 532 1950 567 minus

170 593 304 642 duplex
338 594 441 630 nervi
476 594 654 642 trigemini
689 595 792 631 radix
828 607 958 644 eorpus
987 595 1190 632 restiforme
1219 602 1254 632 et
1282 595 1508 644 pyramidem
1537 597 1751 632 anteriorem
1780 597 1951 646 interpre-

169 666 275 696 tatur.
331 660 369 696 In
401 666 530 708 quarto
559 661 759 697 ventriculo
790 661 878 698 duas
909 661 1207 710 deprehendimus
1236 662 1434 698 habenulas
1462 662 1738 710 longitudinales
1769 675 1814 699 ex
1842 676 1950 712 pyra-

168 725 336 769 nudibus,
366 739 457 775 quas
486 728 521 762 in
545 727 634 764 Tab.
655 728 677 764 Ι.
719 728 777 776 fig.
803 731 819 764 1
839 748 858 774 y
887 728 1011 765 subter
1039 728 1145 765 finem
1176 728 1341 765 cerebelli
1368 729 1571 777 perspicere
1598 741 1802 777 possumus.
1846 730 1951 778 Apud

168 793 278 839 Rajas
315 792 526 842 plerumque
564 793 671 830 valde
707 795 909 843 exquisitae
945 801 1044 838 sunt,
1082 794 1167 830 dum
1203 806 1325 831 massa
1361 794 1565 831 medullaris
1597 796 1702 843 juxta
1731 807 1791 832 eas
1821 796 1950 844 posita,

170 871 325 907 quacum
354 872 418 907 per
446 866 571 897 tenues
600 860 710 896 fibras
740 860 942 904 cohaerent,
974 860 1191 897 mediocrem
1221 861 1465 898 evolutionem
1494 862 1607 897 offert.
1654 862 1766 898 Juxta
1793 875 1950 899 massam

168 925 401 962 medullarem
435 925 635 969 lateralem,
671 926 975 975 quemadmodum
1011 927 1108 975 apud
1137 927 1310 976 Squalos,
1347 927 1525 964 funiculus
1560 927 1688 976 longus
1726 929 1950 966 obrotundus

170 991 280 1035 sedet,
311 992 383 1040 qui,
413 1004 459 1028 ex
486 993 686 1041 posteriore
715 994 900 1041 superiore
929 993 1105 1029 medullae
1135 992 1205 1029 obl.
1232 993 1473 1041 proficiscens,
1503 1000 1707 1030 antrorsmn
1728 996 1949 1032 acuminatus

170 1058 343 1101 exem-riu
379 1065 432 1102 at,
468 1059 560 1095 sieut
596 1059 692 1108 apud
721 1059 878 1108 Squalos
916 1058 1096 1108 elegantes
1131 1059 1299 1107 globulos
1336 1060 1616 1108 margaritaceos
1651 1059 1776 1104 habet,
1813 1061 1861 1097 ita
1894 1061 1949 1097 hic

169 1125 314 1160 omnino
343 1124 483 1173 planus,
512 1126 652 1174 absque
681 1125 753 1161 ullo
783 1126 994 1162 eminentiae
1024 1126 1178 1174 vestigio
1208 1133 1367 1174 apparet.
1411 1125 1522 1162 Modo
1551 1138 1659 1162 unam
1690 1126 1833 1175 quidem
1857 1128 1950 1176 Try-

168 1191 273 1238 gonis
304 1192 476 1239 speeiem,
511 1191 685 1239 plurimas
714 1192 825 1240 Rajae
855 1193 1078 1235 examinavi,
1112 1198 1148 1228 at
1177 1204 1258 1228 011111
1287 1204 1411 1228 01111103
1441 1192 1507 1228 hac
1535 1193 1570 1228 in
1599 1205 1637 1229 re
1666 1193 1771 1241 plane
1801 1206 1949 1230 consen-

168 1257 268 1299 tiant,
299 1258 474 1305 suspicari
502 1258 629 1293 merito
658 1257 750 1301 licet,
781 1259 814 1293 in
844 1258 990 1306 reliquis
1020 1259 1127 1294 etiam
1155 1259 1326 1306 Rajarum
1355 1259 1547 1307 generibus
1577 1265 1612 1295 01
1641 1260 1828 1307 speciebus
1857 1260 1949 1296 funi-

169 1322 289 1358 culum
317 1323 415 1358 illum
443 1323 585 1359 laevem
614 1324 776 1360 inveniri.
816 1310 909 1360 1111ἰο
938 1324 1055 1360 tuberi
1084 1325 1213 1361 iterum
1242 1326 1324 1373 gyri
1351 1325 1531 1373 elegantes
1555 1326 1716 1373 corporis
1737 1326 1948 1362 restil'ormis

169 1388 422 1433 adnectuntur,
464 1388 521 1425 hic
557 1389 768 1438 plerumque
804 1397 877 1426 tam
913 1390 1142 1439 nmltiplices,
1184 1398 1240 1434 ut,
1283 1404 1364 1427 011111
1401 1391 1576 1427 cerebello
1613 1391 1806 1427 admodum
1840 1392 1948 1441 longo

168 1456 365 1503 conjuncti,
401 1462 605 1504 aperturam
634 1452 733 1493 sinus
763 1456 1005 1501 rhomboidei,
1040 1470 1104 1505 per
1133 1469 1171 1493 se
1200 1470 1371 1505 parvam,
1400 1464 1461 1494 aut
1490 1470 1535 1493 ex
1563 1464 1640 1493 toto
1669 1457 1742 1494 sere
1772 1458 1948 1501 rlaudant,

170 1534 198 1558 e.
218 1533 270 1569 gr.
295 1521 392 1570 apud
419 1522 528 1570 Rajas
559 1522 680 1559 stricte
710 1523 761 1559 sic
790 1523 914 1566 dietas,
944 1530 1006 1560 aut
1034 1523 1167 1560 nullam
1196 1524 1340 1560 omnino
1371 1530 1576 1572 aperturam
1604 1524 1817 1572 relinquant,
1847 1537 1875 1561 e.
1897 1538 1948 1573 gr.

170 1587 267 1636 apud
296 1589 506 1636 Trygonem
525 1585 559 1634 ¹).
617 1589 726 1637 Origo
757 1589 923 1626 cerebelli
952 1602 998 1626 ex
1027 1589 1123 1626 hisce
1152 1590 1245 1626 lobis
1274 1591 1447 1626 tortuosis
1477 1590 1603 1626 eadem
1632 1597 1703 1633 est,
1733 1603 1825 1639 quae
1855 1591 1951 1639 apud

170 1654 327 1703 Squalos
357 1654 413 1699 (ef.
441 1655 581 1692 iconem
610 1656 777 1692 sectionis
799 1656 888 1693 Tab.
908 1656 931 1692 I.
960 1656 1017 1704 fig.
1040 1658 1062 1692 4
1093 1668 1174 1692 011111
1201 1656 1438 1705 descriptione
1465 1668 1575 1705 supra
1603 1656 1720 1702 edita).
1777 1657 1951 1695 Columna

168 1720 229 1757 illa
257 1720 480 1765 medullaris,
515 1734 608 1770 quae
643 1734 688 1758 ex
723 1722 841 1759 medio
871 1722 1047 1759 medullae
1077 1722 1294 1771 oblongatae
1323 1722 1480 1759 funiculo
1512 1723 1640 1767 oritur,
1675 1723 1742 1759 hae
1770 1724 1804 1759 in
1833 1724 1950 1772 figura

169 1799 241 1823 non
272 1788 522 1836 conspiciatur,
551 1800 698 1825 neeesse
728 1795 791 1825 est.
838 1789 997 1825 Externa
1025 1789 1129 1837 hujus
1158 1789 1233 1825 lobi
1262 1790 1408 1837 imparis
1437 1789 1553 1825 forma
1582 1789 1776 1825 admodum
1805 1791 1949 1827 variare

167 1859 298 1901 potest,
326 1853 435 1889 modo
466 1854 689 1902 superficiem
718 1854 827 1891 habet
853 1854 1011 1898 laevem,
1041 1868 1069 1891 e.
1099 1868 1150 1903 gr.
1181 1855 1276 1903 apud
1305 1856 1523 1903 Trygonem,
1553 1855 1661 1891 modo
1692 1856 1810 1892 multis
1840 1856 1947 1893 sulcis

167 1920 387 1956 transversis
416 1932 561 1968 unoque
588 1920 836 1969 longitudinali
865 1921 1086 1965 instructam,
1116 1934 1144 1957 e.
1164 1934 1215 1969 gr.
1243 1921 1339 1970 apud
1358 1922 1478 1969 Rajas,
1506 1921 1615 1957 modo
1642 1923 1756 1958 antiee
1779 1923 1947 1971 exiguam

168 1992 308 2022 tantum
336 1986 503 2022 loborum
534 1987 735 2035 opticorum
764 1994 902 2035 partem
930 1988 1027 2035 tegit,
1057 2000 1085 2023 0.
1105 2000 1156 2035 gr.
1184 1987 1280 2035 apud
1299 1988 1375 2035 Raj.
1396 1987 1583 2031 radiatam,
1612 1988 1720 2024 modo
1751 2000 1813 2024 eos
1840 1988 1946 2037 longe

170 2058 334 2101 superat,
363 2059 402 2088 ut
431 2053 527 2101 apud
556 2050 811 2101 T1·ygonc1n‘“').
867 2054 903 2090 In
932 2053 999 2089 hac
1027 2054 1133 2090 etiam
1162 2053 1296 2090 familia
1324 2055 1517 2090 cavitatem
1546 2054 1709 2097 exhibet,
1744 2067 1836 2103 quae
1866 2068 1946 2091 cum

168 2118 395 2167 aquaeductu
424 2119 543 2167 Sylvii
577 2120 701 2156 subter
737 2132 818 2156 eum
848 2119 1056 2156 decurrente
1086 2120 1339 2156 commercium
1368 2117 1480 2166 01113).
1536 2121 1625 2156 Lobi
1656 2121 1779 2168 optim-i,
1815 2122 1947 2169 pariter

169 2197 211 2221 ae
241 2185 457 2233 Squalorum
488 2185 710 2227 conformati,
739 2186 774 2221 in
809 2186 972 2222 eavitatis
1005 2185 1116 2222 fundo
1138 2198 1209 2222 non
1229 2186 1335 2222 aliam
1360 2186 1551 2222 ostendunt
1572 2187 1807 2229 eminentiam,
1838 2200 1945 2235 quam

169 2264 262 2299 quae
291 2251 456 2287 funiculis
486 2264 531 2287 ex
559 2251 809 2299 pyramidibus
840 2251 998 2287 oriundis
1028 2252 1187 2287 efficitur.
1230 2253 1266 2288 In
1297 2253 1520 2288 extremitate
1546 2252 1620 2288 lobi
1641 2253 1749 2300 optiri
1769 2254 1945 2290 anteriore

169 2317 251 2354 dicti
293 2317 440 2353 funiculi
482 2317 690 2365 divergunt,
733 2324 772 2353 111
806 2324 927 2366 pateat
961 2317 1076 2353 aditus
1114 2317 1160 2353 ad
1192 2317 1465 2353 infundibulmn.
1521 2319 1735 2367 Priusquam
1764 2331 1851 2355 vero
1882 2332 1945 2367 per

167 2384 304 2420 huncce
333 2383 469 2420 aditum
498 2383 667 2420 deorsum
694 2395 898 2432 pergamus,
931 2390 1052 2431 partes
1081 2384 1116 2419 in
1145 2383 1212 2420 hac
1240 2385 1385 2432 regione
1414 2384 1551 2432 positas
1582 2385 1716 2421 inferne
1745 2385 1945 2422 intueamur

168 2462 315 2486 necesse
351 2456 414 2486 est.
470 2449 575 2498 Apud
602 2450 678 2498 Raj.
708 2450 883 2486 radiatam
919 2456 1000 2486 ante
1029 2449 1221 2486 medullam
1251 2450 1482 2499 oblongatam
1511 2463 1556 2487 ex
1586 2450 1728 2487 duobus
1756 2451 1943 2488 tuberibus

170 2515 382 2552 obrotundiS
404 2517 509 2564 juxta
534 2516 661 2565 positis
689 2516 956 2559 conformatam,
987 2515 1137 2553 solidam
1164 2517 1401 2565 conspicimus
1428 2516 1670 2565 hypophysin,
1700 2529 1804 2554 sacco
1826 2519 1943 2566 amplo

312 2682 331 2723 ¹)
363 2683 439 2714 Tab.
465 2684 485 2714 Ι.
527 2683 576 2725 fig.
605 2682 632 2720 1,
664 2682 712 2725 fig.
740 2681 758 2714 3
785 2689 813 2713 et
836 2682 885 2725 fig.
911 2681 930 2713 6
954 2683 979 2719 f.

310 2736 332 2775 ⁹)
364 2737 441 2768 Tab.
466 2737 486 2767 1.
526 2736 576 2778 fig.
605 2735 631 2772 1,
662 2736 711 2778 fig.
739 2735 757 2767 3
784 2742 812 2766 et
835 2736 882 2777 fig.
910 2734 929 2766 6
954 2736 982 2765 d.

308 2787 331 2829 ³)
362 2789 438 2820 Tab.
464 2790 484 2820 I.
524 2789 572 2832 fig.
599 2788 619 2819 4
644 2799 682 2819 7η.
