2166 3084
1046 121 1102 161 32

184 266 306 290 carum
335 264 430 289 uvae
459 251 506 288 ad
535 252 647 287 instar
676 250 879 299 pedunculo
908 249 1081 293 insident,
1110 256 1150 286 ut
1173 249 1269 298 apud
1292 249 1519 286 Carch'ariam
1530 246 1564 295 ¹).
1601 251 1692 286 Ante
1714 249 1802 286 haec
1825 251 1967 299 ganglia

182 320 346 368 proxime
377 319 484 354 situm
514 324 568 353 est
598 329 760 366 organon
789 316 1033 359 olfactorium,
1063 315 1110 352 ad
1134 315 1232 364 quod
1254 315 1314 352 fila
1335 316 1521 352 innumera
1542 313 1774 361 mittuntur-²).
1816 316 1968 353 Fabrica

183 387 258 433 ejus
301 396 467 432 magnam
504 383 705 432 superficiei
741 383 1053 431 amplificationem
1088 382 1211 425 efficit,
1254 383 1383 418 etenim
1418 394 1630 418 numerosae
1666 382 1827 418 lamellae
1863 383 1968 431 quasi

182 450 424 494 hranchiales,
453 450 573 486 tunica
603 461 753 486 mucosa
782 449 972 493 obductae,
1001 455 1098 485 arcte
1125 449 1347 497 constipatae
1374 449 1614 492 inveniuntur,
1645 449 1776 497 quibus
1800 449 1966 485 omnibus

182 518 394 555 membrana
434 517 572 552 fibrosa
611 528 735 552 crassa
777 515 1033 564 superinducta
1074 521 1137 552 est.
1201 514 1310 552 Galeo
1351 515 1563 563 particulam
1595 514 1700 563 hujus
1736 515 1966 552 membranae

184 584 341 627 detraxi,
370 590 410 620 ut
437 583 600 619 lamellae
630 582 790 630 singulae
817 582 1090 630 conspiciantur.
1133 580 1343 618 Evidentior
1363 581 1452 617 haec
1474 588 1653 618 structura
1673 581 1770 630 apud
1793 581 1967 630 Scyllium

184 652 418 693 observatur,
455 650 499 685 ad
529 649 622 686 idem
653 649 796 697 quidem
824 649 1036 697 principium
1065 647 1354 691 accommodata,
1384 654 1420 683 at
1448 648 1564 684 minus
1595 645 1844 696 explanata3).
1900 649 1966 684 La-

182 717 308 754 mellae
345 728 489 765 nempe,
532 716 568 752 id
604 715 702 764 quod
737 716 818 751 icon
854 714 976 758 docet,
1018 726 1146 763 parum
1181 725 1394 749 numerosae
1431 726 1513 749 eum
1547 714 1581 750 in
1618 714 1766 750 modum
1801 714 1966 750 diductae

184 791 283 827 sunt,
314 790 353 819 ut
381 783 471 818 inter
499 782 603 818 binas
634 788 752 818 exstet
779 781 1026 823 intervallum,
1055 780 1316 828 perspicueque
1346 780 1504 827 cujusvis
1533 780 1695 816 lamellae
1725 781 1803 816 axis
1834 787 1868 816 et
1895 780 1966 816 duo

182 851 296 887 latera
337 850 483 898 pinnata
526 848 678 883 discerni
714 853 856 895 queant.
919 847 1177 895 Exceptionem
1214 846 1306 882 sistit
1342 846 1574 895 encephalum
1612 848 1804 894 Zygaenae
1840 846 1967 890 mallei,

185 916 356 964 singulari
396 915 535 951 ratione
579 919 839 950 constructum:
881 913 1036 962 primum
1079 913 1171 949 enim
1214 925 1348 950 nervus
1387 913 1611 956 olsactorins,
1656 925 1767 961 quum
1805 924 1967 961 organon

185 983 337 1020 olfactus
380 982 415 1018 in
459 980 747 1029 elongationibus
783 980 992 1016 lateralibus
1028 979 1247 1016 malleoideis
1282 980 1441 1028 positum
1478 981 1538 1023 sit,
1582 980 1725 1015 omnino
1763 985 1968 1015 extrorsum

184 1049 312 1093 tendit,
351 1047 477 1084 deinde
513 1048 592 1083 linis
629 1048 703 1095 ejus
741 1047 909 1095 ganglion
946 1046 1056 1082 habet
1092 1046 1262 1094 simplex,
1299 1046 1397 1094 quod
1433 1059 1496 1095 per
1531 1046 1682 1094 figuram
1717 1058 1819 1082 5113111
1848 1045 1893 1081 ab
1924 1057 1966 1081 eo

186 1116 338 1152 aliorum
373 1114 583 1163 squalorum
618 1126 769 1162 prorsus
804 1112 976 1149 abhorret
1004 1119 1039 1149 et
1067 1125 1113 1148 ex
1141 1119 1218 1148 toto
1254 1113 1328 1149 sere
1366 1113 1397 1149 ei
1433 1113 1623 1156 consentit,
1661 1124 1732 1161 quo
1761 1112 1871 1159 Rajae
1906 1124 1968 1147 ex-

186 1182 331 1219 cellunt:
362 1188 417 1218 est
446 1181 538 1217 enim
567 1180 735 1229 gauglion
764 1179 927 1228 longum,
956 1179 1120 1228 planum,
1151 1191 1407 1228 compressum.
1449 1179 1609 1216 Eandem
1631 1179 1785 1215 sormam
1807 1190 1967 1227 organon

185 1250 291 1285 offert
320 1248 562 1290 olfactorium,
592 1253 673 1283 ante
702 1246 789 1283 illud
816 1246 991 1290 locatum,
1022 1246 1120 1295 quod
1149 1246 1256 1282 etiam
1284 1246 1463 1282 filamenta
1486 1246 1671 1282 innumera
1693 1245 1739 1281 ab
1764 1257 1806 1281 eo
1831 1245 1968 1281 obtinet

186 1322 221 1352 et
250 1321 465 1352 structuram
494 1313 604 1350 habet
633 1313 746 1349 eidem
775 1313 947 1361 principio
977 1309 1312 1357 consentaneam4).

323 1381 571 1418 Dimensiones
600 1380 704 1416 nervi
733 1379 909 1416 olfactorii
936 1379 1213 1427 longitudinales
1237 1378 1424 1415 distantiae
1448 1379 1573 1427 organi
1598 1377 1772 1414 olfactorii
1794 1378 1839 1413 ab
1865 1390 1966 1414 ence-

185 1449 294 1498 phalo
322 1446 552 1496 respondent,
582 1446 680 1495 quod
710 1447 739 1482 si
768 1446 814 1482 ab
843 1458 904 1482 ore
932 1446 1097 1494 proxime
1126 1445 1241 1489 abest,
1270 1458 1299 1481 6.
1321 1458 1372 1493 gr.
1395 1445 1491 1494 apud
1513 1444 1685 1493 Scyllium
1709 1450 1743 1480 et
1763 1443 1966 1487 Mustelum,

186 1527 321 1552 nervus
358 1521 524 1550 truncum
560 1512 707 1549 exhibet
740 1513 892 1549 brevem
927 1518 962 1548 et
997 1524 1174 1555 crassum,
1212 1524 1284 1560 quo
1323 1512 1575 1548 commercium
1613 1516 1841 1547 sustentatur.
1905 1511 1965 1548 Sin

185 1582 327 1630 longius
357 1581 403 1617 ab
434 1592 495 1616 ore
518 1579 661 1622 recedit,
690 1591 824 1615 nervus
848 1579 882 1615 in
904 1578 1076 1627 petiolum
1098 1578 1296 1626 elegantem
1319 1578 1506 1622 diducitur,
1536 1577 1677 1626 qualem
1702 1576 1797 1625 apud
1820 1575 1967 1613 Galeum

187 1655 222 1685 et
251 1647 476 1685 Carchariam
506 1645 813 1695 deprehendimus.

322 1713 491 1751 Nonnulli
531 1725 683 1749 nervum
726 1712 952 1748 olfactorium
993 1712 1123 1760 partim
1164 1718 1311 1760 propter
1353 1723 1521 1759 magnam
1563 1709 1850 1752 crassitudinem,
1895 1722 1968 1758 qua

187 1793 296 1830 saepe
333 1779 490 1822 excellit,
526 1780 656 1828 partim
691 1785 840 1827 propter
869 1790 1018 1821 cavum,
1056 1777 1155 1826 quod
1184 1778 1355 1821 continet,
1393 1790 1464 1814 non
1494 1789 1566 1826 qua
1593 1776 1700 1813 talem
1730 1783 1966 1825 agnoverunt,

187 1848 251 1884 sed
277 1859 343 1896 pro
371 1846 509 1883 cerebri
528 1845 730 1894 pedunculo
752 1845 965 1888 habuerunt,
996 1845 1057 1893 qui
1076 1844 1338 1893 hemisphaeria
1358 1844 1495 1889 (lohum
1515 1845 1752 1888 communem)
1775 1855 1855 1879 cum
1873 1842 1966 1879 lobis

187 1913 382 1950 olfactoriis
418 1912 535 1956 (bulb.
566 1912 778 1955 olfactoriis)
813 1912 1006 1959 conjungat
1035 1918 1069 1947 et
1098 1911 1400 1947 contimiationem
1431 1911 1595 1947 cavitatis
1626 1909 1967 1958 hemisphaeriorum

187 1980 353 2016 includat.
418 1980 480 2016 Sin
517 1984 636 2014 autem
670 1978 900 2021 meditamur,
941 1977 1103 2014 homines
1141 1990 1286 2026 quoque
1324 1984 1358 2014 et
1393 1977 1595 2014 mammalia
1629 1976 1741 2012 bulbo
1779 1976 1965 2012 olfactorio

188 2047 282 2083 circa
317 2046 420 2081 nervi
456 2045 580 2087 finem,
617 2051 810 2092 antequam
846 2056 892 2079 ex
928 2044 1037 2079 cranii
1073 2056 1165 2080 cavo
1202 2045 1292 2087 exit,
1328 2044 1512 2091 insignire,
1551 2044 1579 2079 si
1608 2055 1718 2091 porro
1747 2049 1964 2090 reputamus,

188 2124 341 2149 nervum
371 2111 595 2147 olfactorium
620 2110 938 2159 Solidungulorum
967 2122 1108 2159 semper
1136 2111 1349 2146 instructum
1379 2122 1458 2146 esse
1483 2110 1655 2152 cavitate,
1685 2109 1967 2146 ventriculorum

187 2179 387 2216 lateralium
417 2177 699 2220 continuatione,
728 2189 794 2213 nec
822 2189 893 2212 non
922 2176 1041 2213 foetus
1070 2176 1216 2212 humani
1244 2189 1276 2213 11.
1300 2177 1525 2213 olfactorium
1554 2188 1695 2224 semper
1723 2187 1802 2212 esse
1825 2188 1965 2219 cavum,

187 2247 260 2283 imo
296 2244 548 2282 nonnullorum
585 2243 806 2287 adultorum,
844 2243 873 2279 si
906 2243 999 2279 bene
1033 2250 1243 2280 asservatus
1280 2243 1341 2287 sit,
1377 2244 1412 2279 in
1442 2243 1608 2279 sectionis
1639 2242 1783 2291 planitie
1812 2254 1966 2290 parvum

188 2313 308 2349 lumen
343 2312 436 2347 circa
471 2311 627 2347 radicem
660 2309 846 2346 exhihere:
883 2309 1010 2346 eodem
1041 2311 1120 2358 jure
1155 2310 1246 2346 hanc
1282 2309 1466 2358 encephali
1499 2309 1648 2358 piscium
1685 2315 1822 2357 partem
1852 2320 1965 2357 aeque

189 2391 231 2415 ac
259 2377 502 2415 inanimalium
531 2389 596 2426 pro
626 2389 740 2413 nervo
770 2376 956 2413 olfactorio
987 2376 1184 2413 habeamus
1214 2389 1360 2413 11666556
1391 2383 1453 2413 est.

332 2557 352 2599 ¹)
382 2559 460 2590 Tab.
486 2558 529 2589 Ill.
569 2558 618 2600 fig.
643 2558 665 2589 4
690 2569 715 2589 S.

331 2612 353 2652 ²)
384 2612 461 2643 Tab.
485 2612 529 2642 111.
569 2612 618 2653 fig.
648 2611 658 2642 1
690 2618 710 2642 t.

330 2664 352 2705 ³)
383 2664 460 2695 Tab.
484 2664 516 2695 ll.
557 2664 606 2707 fig.
633 2663 652 2695 6
678 2671 699 2695 t.

331 2715 354 2757 ⁴)
386 2717 462 2748 Tab.
487 2718 519 2748 ll.
560 2718 608 2760 fig.
636 2717 654 2748 5
681 2728 695 2747 S
722 2724 749 2748 et
774 2724 794 2748 t.
