2166 3084
624 468 955 533 ICONUM
1026 468 1540 532 EXPLICATIO.

195 686 297 746 Quae
322 713 504 749 sequuntur,
530 706 631 738 literae
657 708 685 738 in
713 708 867 744 omnibus,
895 707 1004 750 quibus
1030 707 1149 738 additae
1173 713 1257 744 suut,
1284 706 1394 738 tabulis
1418 707 1490 738 haec
1514 713 1636 738 notant:

257 770 302 790 a:
326 759 414 790 lobos
439 771 619 797 communes,
646 762 664 792 i.
691 772 715 792 e.
742 761 1028 803 hemisphaeriorum
1054 767 1082 791 et
1107 760 1245 791 loborum
1270 760 1493 791 olfactoriorum
1519 761 1779 792 consociationem.

258 812 302 843 b.-
327 824 414 844 crura
439 813 561 844 cerebri.

259 876 302 897 e:
326 866 413 897 lobos
439 868 570 908 opticos,
605 868 623 897 i.
650 878 674 898 c.
701 867 762 898 lobi
788 869 960 898 eminentiae
985 867 1153 909 bigeminae
1178 874 1207 898 et
1231 867 1291 898 lobi
1317 867 1471 898 ventriculi
1498 868 1575 898 tertii
1600 867 1876 910 Petromyzontium
1902 879 1973 899 con-

324 920 520 960 junctionem.

256 972 304 1004 d:
329 971 525 1003 Cerebellum.

258 1025 303 1066 f.-
326 1024 483 1056 medullam
509 1025 712 1068 oblongatam.

259 1078 306 1109 lc:
329 1078 525 1121 hypophysin
550 1079 673 1110 cerebri.

239 1130 302 1162 cla:
328 1131 458 1162 chiasma
483 1143 643 1163 nervorum
669 1133 847 1174 opticorum.

269 1184 305 1215 z’:
329 1184 416 1215 lobos
441 1184 605 1215 inferiores.

261 1249 305 1267 cc.-
331 1249 457 1280 corpora
483 1237 671 1269 restiformia.

260 1292 303 1330 β.-
328 1290 506 1333 pyramides.

259 1356 299 1382 y:
325 1343 400 1375 duos
437 1343 594 1375 fasciculos
631 1345 875 1387 longhudinales,
918 1347 983 1388 qui,
1021 1344 1229 1387 pyramidibus
1265 1345 1450 1388 assignandi,
1489 1348 1518 1376 in
1553 1346 1629 1377 linea
1665 1347 1747 1377 sinus
1780 1346 1969 1379 rhomboidei

328 1397 463 1428 mediana
488 1397 652 1428 decurrunt
676 1404 704 1429 et
728 1398 766 1429 ad
791 1398 975 1429 formandam
1000 1400 1163 1441 principem
1188 1398 1348 1440 pedunculi
1373 1398 1485 1430 cerebri
1510 1410 1635 1430 massam
1661 1399 1827 1430 conferunt.

263 1449 304 1479 δ.-
329 1461 454 1481 massam
486 1450 673 1482 medullarem
709 1452 848 1494 utriuque
873 1452 990 1482 illorum
1015 1452 1224 1483 fasciculorum
1250 1453 1278 1482 in
1304 1453 1371 1482 sinu
1394 1451 1592 1483 rhomboideo
1618 1454 1747 1495 positam
1773 1459 1802 1483 et
1825 1464 1891 1484 cum
1916 1453 1971 1484 illis

329 1504 418 1534 modo
443 1515 497 1545 per
521 1504 629 1535 multos
654 1504 795 1535 fibrarum
821 1504 992 1541 fasciculos,
1025 1505 1115 1536 modo
1140 1517 1194 1547 per
1218 1517 1310 1536 unum
1336 1516 1462 1547 eumque
1487 1506 1627 1547 majorem
1653 1506 1868 1537 cohaerentem.

267 1569 304 1587 ετ
329 1556 417 1588 tuber
435 1557 526 1598 juxta
551 1563 704 1588 externum
731 1560 872 1600 parietem
897 1559 979 1589 sinus
1005 1558 1219 1590 rhomboidalis
1244 1559 1383 1596 locatum,
1410 1570 1447 1590 ex
1472 1558 1610 1590 funiculis
1634 1559 1850 1602 principalibus
1871 1566 1972 1602 poste-

329 1610 460 1641 rioribus
486 1609 628 1641 medullae
654 1610 834 1654 oblongatae
857 1613 965 1648 oriens,
992 1612 1073 1654 quod
1091 1612 1172 1655 apud
1189 1612 1319 1655 Squalos
1337 1619 1365 1643 et
1383 1611 1552 1643 Chimaeras
1571 1614 1735 1644 eminentiis
1752 1613 1972 1655 margaritaeeis

330 1670 468 1694 ornatum
499 1669 557 1700 est,
589 1664 669 1705 apud
699 1664 788 1706 Rajas
818 1665 1005 1707 superficiem
1034 1666 1146 1697 laevem
1177 1665 1314 1703 exhibet,
1349 1665 1431 1708 apud
1460 1666 1618 1697 Sturiones
1649 1666 1776 1708 denique
1809 1667 1971 1708 marginem

330 1723 485 1748 externum
510 1723 661 1748 crenatum
688 1717 827 1749 ostendit.

461 1823 481 1854 Ι.
517 1822 648 1854 Nervum
674 1823 871 1855 olfactorium.

448 1876 480 1907 ΙΙ.
516 1876 647 1907 Nervum
673 1878 814 1919 opticum.

437 1929 481 1960 ΙΙΙ.
517 1929 647 1960 Nervum
674 1931 934 1962 oculomotorium.

431 1982 481 2013 lV.
518 1982 647 2013 Nervum
674 1984 876 2015 trochlearem.

444 2035 481 2066 V.
518 2035 648 2066 Nervum
676 2037 872 2079 trigeminum.

1002 2177 1113 2216 TAB.
1145 2177 1171 2216 I.

195 2247 266 2288 Fz'q.
292 2248 323 2278 I.
370 2247 572 2289 Enccphalum
598 2247 689 2288 Rajae
715 2247 806 2284 batis,
840 2248 916 2278 duos
941 2248 1154 2290 magnitudinis
1180 2249 1322 2279 naturalis
1346 2250 1467 2280 trientes
1493 2260 1633 2292 aequans.

267 2312 330 2331 αα.
354 2300 486 2331 Fimbria
511 2312 548 2330 ex
573 2300 751 2342 corporibus
778 2300 996 2332 restiformibus
1022 2302 1151 2332 evoluta.

301 2364 327 2383 o.
355 2353 526 2384 Tubercula
552 2353 724 2384 intermedia
750 2365 814 2384 cum
840 2354 982 2385 fibrarum
1008 2354 1153 2385 fasciculis
1181 2355 1328 2391 tenuibus,
1356 2357 1406 2398 qui
1429 2367 1466 2386 cx
1489 2357 1522 2386 iis
1546 2357 1575 2386 in
1593 2356 1705 2387 cerebri
1723 2367 1789 2387 crus
1807 2363 1969 2387 transeunt.

298 2417 327 2437 v.
353 2406 472 2437 Arteria
496 2417 514 2436 v
539 2407 651 2449 figurae
677 2407 696 2437 2
722 2407 758 2437 ad
784 2419 850 2438 eum
876 2418 970 2449 usque
995 2407 1092 2438 locum
1118 2407 1279 2446 delineata,
1312 2419 1371 2451 quo
1401 2410 1428 2439 in
1455 2410 1545 2440 cranii
1570 2410 1768 2452 cartilaginem
1793 2411 1969 2440 immittitur.

292 2471 330 2490 w.
355 2459 416 2490 Vas
441 2459 643 2502 sanguiferum
669 2471 706 2491 ex
730 2459 800 2490 lobo
827 2461 976 2491 communi
1000 2460 1200 2502 proficiscens.

302 2524 327 2543 S.
352 2512 467 2543 Bulbus
493 2512 675 2544 olfactorius.

196 2566 269 2606 Fiq.
295 2566 324 2596 2'.
372 2566 574 2608 Encephalum
599 2566 690 2607 Rajac
714 2566 793 2597 batis
818 2567 854 2597 ab
880 2566 1018 2597 inferiore
1042 2573 1135 2608 parte.

299 2619 328 2648 h.
355 2619 467 2650 Saccus
493 2619 668 2650 vasculosus
693 2622 832 2662 utrinque
857 2621 1012 2656 sinuosus,
1044 2619 1212 2650 immediata
1237 2619 1417 2651 infundibuli
1441 2622 1639 2663 amplificatio.

297 2683 326 2703 n.
352 2672 471 2703 Arteria
496 2684 533 2703 ex
557 2672 731 2714 hypophysi
756 2674 776 2702 Ιι
802 2675 913 2710 oriens,
946 2684 1022 2715 quae
1047 2673 1102 2704 sub
1128 2673 1197 2704 loho
1224 2676 1371 2704 communi
1396 2676 1425 2705 in

298 2736 327 2754 v.
355 2725 430 2756 duos
455 2736 553 2756 ramos
579 2725 769 2756 dextrorsum
796 2732 823 2757 et
848 2728 1051 2757 sinistrorsum
1076 2726 1246 2757 secedentes
1270 2727 1401 2758 finditur.

272 2777 326 2808 VQ.
352 2778 450 2809 Radix
475 2780 558 2809 nervi
584 2780 729 2820 trigemini
756 2780 901 2816 anterior,
936 2790 971 2810 ex
997 2779 1204 2821 pyramidibus
1230 2791 1389 2822 emergens.
