2166 3084
1086 132 1144 171 24

216 265 316 312 cujus
354 263 454 310 origo
491 273 606 310 usque
644 260 690 297 ad
723 261 861 297 initium
896 260 1043 297 funiculi
1078 261 1272 309 superioris
1314 258 1525 310 posterioris
1567 262 1744 300 medullae
1781 264 1998 314 oblongatae

214 330 376 378 indagari
403 334 534 377 potest,
565 334 599 364 et
629 326 728 376 quod
748 333 952 363 antrorsum
979 327 1104 363 subter
1124 328 1340 364 cerebellum
1358 329 1593 377 protenditur,
1622 329 1685 366 ubi
1706 330 1741 366 in
1762 330 2001 368 substantiam

215 397 361 440 desinit,
391 401 464 431 tam
492 395 688 430 introrsum
717 405 826 442 quam
856 399 1063 430 extrorsum
1091 405 1303 431 numerosas
1333 396 1495 432 emittens
1525 395 1635 432 fibras
1657 393 1688 441 ι).
1741 397 1804 433 His
1834 398 1869 433 in
1898 398 1999 435 tube-

213 463 314 499 ribus
344 461 545 510 complures
575 460 867 496 intumescentiae
905 460 1103 509 elegantes,
1139 460 1314 509 globosae
1348 461 1698 506 animadvertuntur,
1731 463 1844 499 instar
1871 463 1999 512 globu-

212 529 331 566 lorum
369 528 466 564 orbis
503 527 694 576 precatorii
731 526 970 570 coadunatae,
1008 539 1160 575 quarum
1198 528 1394 565 anteriores
1432 535 1465 565 et
1500 532 1720 577 posteriores
1754 530 1934 567 tenuiores
1965 537 1998 567 et

214 595 398 644 aliquanto
428 594 542 642 magis
573 593 759 641 elongatae
790 599 872 629 sunt
900 592 1036 629 mediis.

348 663 379 698 A
408 660 504 697 nullo
536 659 755 708 Squalorum
790 659 984 708 encephalo
1023 659 1137 696 dictae
1172 660 1464 696 intumescentiae
1500 661 1649 705 absunt,
1687 661 1751 698 sed
1785 662 1831 699 ad
1860 664 1999 700 criteria

213 729 390 778 pertinent
419 726 724 769 constantissima,
754 732 911 762 attamen
941 725 1104 762 dirimere
1134 738 1205 762 non
1226 727 1358 769 ausim,
1386 733 1506 763 utrum
1525 728 1649 764 varius
1675 740 1798 765 earum
1818 741 1998 774 numerus,

214 807 322 844 quem
351 793 447 843 apud
475 793 578 830 varia
606 804 738 840 genera
768 792 983 835 observavi,
1017 804 1106 828 vera
1135 791 1338 828 discrimina
1366 793 1533 840 generica
1561 795 1681 837 sistat,
1711 807 1756 831 an
1784 795 1909 832 melior
1936 809 1997 845 pe-

209 862 339 909 jorque
374 859 652 908 encephalorum
688 858 890 895 asservatio
928 858 1101 901 effecerit,
1137 864 1176 894 ut
1210 858 1319 894 modo
1349 858 1469 907 plures
1504 859 1614 896 modo
1644 862 1831 908 pauciores
1861 862 1998 910 globuli

213 927 513 975 conspicerentur.
556 924 854 973 Disquisitionum
882 925 1114 973 repetitarum
1144 931 1178 960 et
1207 926 1469 962 accuratiorum
1498 933 1569 969 est,
1597 926 1666 963 hoc
1690 926 1890 964 decernere.
1932 929 1997 965 Mi-

212 994 346 1037 nimus,
378 1005 486 1041 quem
515 991 730 1033 observavi,
759 1003 929 1027 numerus
960 997 1132 1040 quatuor,
1162 992 1340 1028 maximus
1371 1003 1437 1028 sex
1467 993 1605 1029 obtulit.

349 1061 546 1108 Supremos
583 1064 691 1106 atque
729 1063 911 1093 extremos
948 1058 1046 1093 sinus
1083 1058 1254 1094 terminos
1292 1071 1445 1107 corpora
1471 1059 1689 1095 restiformia
1718 1058 1996 1107 constituunt²)‚

213 1127 345 1176 quibus
376 1124 616 1162 arachnoidea
645 1124 890 1171 superintenta
919 1130 989 1167 est,
1020 1136 1151 1160 cavum
1179 1125 1295 1161 antice
1325 1132 1359 1161 et
1388 1137 1542 1174 superne
1569 1132 1733 1174 apertum
1754 1127 1911 1175 perfecte
1933 1128 1996 1164 ob-

212 1200 347 1231 turans.
391 1191 549 1229 Termini
577 1190 682 1238 hujus
713 1190 896 1233 cavitatis,
927 1190 1047 1226 demta
1076 1190 1331 1235 arachnoidea,
1360 1192 1453 1228 varii
1475 1192 1656 1229 constituti
1681 1199 1772 1229 sunt.
1813 1193 1997 1242 Plerisque

211 1261 246 1296 in
277 1259 439 1301 casibus,
476 1271 505 1294 e.
534 1270 585 1306 gr.
623 1255 719 1305 apud
754 1256 1019 1305 Heptanclium,
1056 1256 1357 1305 Centrophorum,
1387 1258 1613 1302 Acanthiam,
1650 1259 1813 1302 Galeum,
1845 1260 1996 1297 Carrha-

212 1327 320 1369 riam,
359 1337 401 1361 ea
437 1331 492 1361 est
525 1324 636 1366 ratio,
671 1329 726 1365 ut,
763 1324 792 1359 si
830 1335 983 1371 superne
1019 1323 1055 1359 in
1092 1335 1223 1360 cavum
1257 1324 1474 1372 inspexeris,
1512 1325 1546 1360 in
1576 1324 1693 1361 media
1720 1332 1822 1374 parte
1850 1326 1997 1363 funiculi

210 1391 371 1442 paralleli
408 1403 489 1427 cum
523 1389 710 1426 habenulis
747 1389 1004 1426 medullaribns
1042 1390 1147 1437 juxta
1181 1390 1325 1438 positis,
1368 1391 1510 1427 minime
1548 1398 1667 1427 autem
1704 1392 1995 1430 intumescentiae

211 1457 521 1500 rotundiusculae,
559 1456 771 1504 corporibus
806 1456 1069 1492 restiformibus
1097 1462 1228 1500 tectae,
1266 1457 1608 1494 animadvertantur.
1663 1458 1769 1507 Apud
1798 1459 1995 1507 Scymnum

210 1525 353 1562 lichiam
388 1530 507 1560 autem
541 1522 763 1560 ventriculus
799 1522 890 1558 adeo
926 1522 1091 1558 diductus
1126 1529 1181 1559 est
1216 1529 1251 1559 et
1278 1529 1466 1572 tantopere
1494 1530 1609 1572 patet,
1645 1531 1685 1560 ut
1714 1536 1867 1573 corpora
1894 1526 1995 1562 resti-

212 1592 358 1634 formia,
388 1602 497 1639 quae,
526 1588 704 1626 funiculos
730 1589 860 1637 longos
883 1589 1112 1625 tenuissimos
1136 1588 1358 1633 exhibentia,
1387 1590 1557 1626 terminos
1578 1590 1742 1627 laterales
1764 1592 1993 1636 constituunt,

212 1658 299 1695 nihil
328 1663 538 1705 contegant,
566 1656 689 1704 itaque
717 1656 887 1692 interiora
916 1655 1027 1692 oculis
1057 1656 1200 1692 omnino
1230 1653 1427 1704 pateant³).

346 1723 425 1761 Alia
458 1723 549 1759 ratio
586 1729 641 1758 est
670 1723 864 1770 Zygaenae
898 1721 1018 1758 mallei
1050 1728 1085 1758 et
1112 1722 1272 1765 Musteli,
1312 1735 1466 1771 quorum
1496 1735 1648 1772 corpora
1677 1724 1892 1761 restiformia
1921 1731 1993 1761 tam

210 1791 415 1840 propinqua
444 1789 512 1825 sibi
541 1795 640 1832 sunt,
675 1794 714 1824 ut
743 1787 1002 1824 arachnoideae
1035 1794 1173 1824 tantum
1203 1795 1372 1837 apertura
1402 1791 1533 1838 exigua
1562 1789 1764 1827 obturanda
1795 1792 1949 1840 supersit
1967 1788 1992 1837 ⁴¹)

211 1865 245 1894 et
273 1857 442 1893 interiora
471 1855 612 1892 nonnisi
641 1854 801 1891 adhibito
832 1854 945 1890 cultro
975 1855 1177 1891 anatomico
1208 1856 1482 1904 conspiciantur.

941 1972 1267 2007 cerebellum.

344 2055 435 2090 Ante
471 2059 506 2089 et
538 2064 647 2101 supra
674 2051 866 2088 medullam
896 2052 1127 2101 oblongatam
1158 2054 1246 2089 situs
1276 2060 1330 2089 est
1357 2053 1464 2090 lobus
1493 2054 1608 2102 impar
1636 2066 1786 2103 magnus
1803 2052 1846 2099 ⁵),
1884 2067 1991 2104 quem

211 2132 335 2157 omnes
361 2119 435 2156 fere
463 2118 600 2167 priores
630 2119 831 2161 anatomici,
860 2119 926 2154 etsi
946 2119 1033 2155 alias
1053 2126 1174 2168 partes
1194 2132 1382 2168 perperam
1403 2120 1696 2164 adnumerabant,
1725 2133 1791 2170 pro
1813 2121 1990 2158 cerebello

209 2186 423 2223 unanimiter
454 2185 666 2221 habuerunt.
721 2184 926 2233 Amplitudo
962 2185 1066 2234 hujus
1101 2185 1175 2222 lobi
1209 2186 1306 2234 apud
1335 2186 1491 2235 Squalos
1528 2193 1562 2223 et
1589 2187 1697 2235 Rajas
1733 2187 1816 2223 olim
1854 2195 1989 2225 certum

210 2253 389 2289 criterium
418 2251 852 2300 Chondropterygiorum,
882 2251 1107 2289 Ostacanthis
1138 2253 1403 2301 oppositorum,
1434 2253 1722 2297 existimabatur,
1753 2254 1866 2290 donec
1895 2267 1989 2291 cere-

208 2319 343 2356 bellum
373 2319 458 2354 satis
488 2330 658 2366 magnum
678 2317 823 2366 Thynni
851 2318 1098 2362 innotesceret,
1128 2331 1200 2367 quo
1231 2319 1419 2355 discrimen
1439 2319 1525 2356 illud
1551 2320 1790 2356 evertebatur.
1832 2321 1989 2357 Primum

211 2385 254 2421 de
289 2385 406 2421 forma
442 2390 590 2420 externa
627 2384 792 2420 cerebelli
821 2384 1039 2432 Squalorum
1069 2398 1258 2433 exponam.
1315 2385 1478 2422 Plurimis
1507 2387 1541 2422 in
1570 2387 1762 2434 generibus
1792 2399 1813 2423 a
1841 2399 1897 2423 me
1927 2400 1988 2424 ex-

209 2451 372 2488 aminatis
401 2450 610 2499 magnitudo
640 2451 715 2498 ejus
746 2462 826 2486 cum
853 2450 991 2499 reliquo
1021 2451 1214 2500 encephalo
1236 2464 1315 2488 eam
1336 2452 1394 2488 alit
1421 2454 1604 2495 rationem,
1635 2459 1671 2489 ut
1702 2454 1815 2490 antice
1836 2453 1988 2490 mediam

352 2576 372 2617 ¹)
402 2578 478 2609 Tab.
504 2579 548 2609 ΙΙΙ.
588 2579 638 2621 fig.
665 2578 682 2608 7
709 2584 738 2609 et
761 2578 810 2621 fig.
837 2578 856 2610 S
881 2590 904 2609 ε.

350 2629 372 2671 ²)
403 2631 480 2662 Tab.
504 2632 548 2662 ΙΙΙ.
589 2631 638 2674 fig.
664 2630 683 2662 3
709 2638 737 2662 et
760 2631 810 2674 fig.
836 2631 856 2663 8
880 2644 909 2663 α.

348 2682 370 2723 ³)
402 2684 478 2715 Tab.
503 2684 535 2714 11.
575 2684 624 2727 fig.
651 2683 669 2715 3
694 2685 719 2721 f-

348 2735 371 2776 ⁴)
401 2737 479 2767 Tab.
504 2737 536 2768 Il.
577 2737 626 2779 fig.
655 2737 669 2768 1
698 2744 727 2769 et
749 2738 798 2780 fig.
825 2737 843 2769 5
869 2749 898 2768 α.

350 2787 372 2829 ⁶)
404 2789 481 2820 Tab.
507 2790 550 2821 Ill.
592 2790 639 2832 fig.
670 2790 683 2821 1
712 2798 740 2822 et
764 2791 812 2834 fig.
839 2790 859 2822 4
884 2792 911 2821 d.
