2166 3084
1044 152 1101 191 ‘29

180 282 274 320 unde
305 283 458 332 quisque
489 294 623 325 eorum,
653 281 753 318 velut
781 293 916 318 nervus
947 281 1098 329 opticus,
1127 279 1173 316 ad
1198 280 1292 316 latus
1314 286 1592 316 consentaneum
1612 280 1848 329 proficiscitur
1860 277 1892 326 ¹).
1927 281 1966 317 In

181 349 248 386 hac
276 350 383 398 igitur
412 348 705 391 conformatione,
733 347 770 384 id
800 347 899 396 quod
928 347 1119 395 descriptio
1141 346 1255 390 docet,
1286 345 1441 383 chiasma
1462 347 1654 395 genuinum
1676 347 1839 383 cernitur.
1885 348 1967 384 Jam

183 416 347 465 quaestio
385 414 605 458 obtruditur,
641 421 760 450 utrum
792 414 827 450 in
858 414 1051 450 chiasmate
1079 413 1251 449 fibrarum
1281 413 1500 455 decussatiO,
1538 413 1840 461 quemadmodum
1871 413 1968 462 apud

181 482 361 525 homines,
390 481 508 517 locum
538 481 696 517 habeat?
753 480 856 528 Quod
885 480 932 516 ad
960 480 1070 516 fibras
1099 479 1132 515 in
1162 479 1273 515 latere
1301 480 1404 515 nervi
1434 479 1541 527 optici
1569 486 1718 515 externo
1748 480 1885 528 positas
1915 486 1967 517 at-

182 549 280 592 tinet,
309 547 442 584 nullam
472 559 595 584 earum
625 559 705 583 cum
734 547 775 582 iis
806 546 951 583 alterius
981 546 1103 582 lateris
1132 546 1289 588 misceri,
1319 545 1450 582 diserte
1479 545 1629 589 affirmo,
1659 546 1878 582 internarmn
1907 546 1968 582 de-

184 615 424 651 cussationem
459 613 604 662 quidem
632 625 812 661 nusquam
841 612 933 656 vidi,
971 618 1007 648 at
1037 612 1347 661 disquisitionibus
1376 612 1485 648 modo
1516 611 1710 660 encephala
1739 613 1863 661 spiritu
1892 613 1967 648 vini

184 686 373 718 asservata
402 679 570 723 submisi,
599 680 634 715 in
665 679 797 728 quibus
826 691 901 722 res,
932 679 975 716 de
1006 691 1078 727 qua
1107 679 1233 727 agitur,
1263 690 1334 714 non
1364 685 1461 715 certo
1491 679 1565 715 erui
1595 684 1722 727 potest.

320 746 423 795 Quod
453 746 498 782 ad
527 753 743 783 structuram
773 758 968 782 nervorum
998 746 1208 794 opticorum,
1237 745 1319 781 inde
1347 757 1367 781 a
1394 745 1587 781 chiasmate
1610 745 1656 781 ad
1677 745 1820 781 oculum
1840 756 1966 793 usquc,

182 815 352 863 pertinet,
388 813 537 850 eandem
575 825 654 849 esse
689 812 764 849 fere
800 825 923 849 onmes
960 812 1202 855 consentiunt,
1241 823 1348 860 quam
1384 812 1519 860 primus
1548 811 1834 859 Malpighius
1870 810 1967 859 apud

131 899 135 903 ·
182 880 393 929 Xiphiam
424 880 558 917 detexit
588 886 622 916 et
651 891 760 928 quam
790 891 835 915 ex
864 878 923 914 illo
955 885 1113 927 tempore
1143 878 1239 927 apud
1267 877 1399 914 multos
1429 878 1640 914 Teleosteos
1671 878 1966 914 observavimus:

182 953 298 984 totum
328 947 460 983 scilicet
487 959 640 983 nervum
669 946 826 994 opticum
856 957 901 982 ex
930 945 1139 982 membrana
1166 945 1202 980 in
1230 944 1360 980 multas
1387 944 1497 993 plicas
1525 945 1714 981 artificiose
1735 951 1860 981 coacta
1883 956 1966 980 con-

183 1015 319 1051 sistere.
375 1014 519 1050 Revera
555 1013 665 1049 sectio
702 1013 803 1049 nervi
841 1012 948 1060 optici
982 1018 1191 1048 transversa
1226 1011 1333 1048 talem
1369 1012 1523 1059 speciem
1558 1012 1678 1053 offert,
1715 1024 1827 1059 quare
1845 1003 1965 1054 initio,

182 1093 259 1117 rem
292 1081 341 1116 ita
375 1092 453 1116 sese
483 1079 616 1116 habere
645 1079 905 1121 existimabam,
940 1091 1051 1127 quum
1080 1090 1169 1115 vero
1199 1090 1352 1115 nervum
1381 1078 1537 1126 opticum
1568 1077 1692 1113 subter
1720 1089 1816 1125 aqua
1844 1077 1966 1125 expla-

183 1159 269 1183 nare
297 1153 482 1189 tentarem,
512 1145 546 1182 id
578 1146 676 1194 quod
705 1146 802 1194 apud
829 1145 1032 1182 Ganoideos
1060 1151 1095 1181 et
1114 1145 1325 1181 Teleostcos
1352 1144 1445 1180 facili
1469 1144 1619 1180 efficitur
1639 1144 1794 1192 negoti0,
1823 1144 1966 1180 minime

182 1213 255 1249 hod
290 1219 496 1261 perpetrare
533 1213 651 1261 potui,
694 1213 765 1248 imo
802 1212 1002 1248 accuratior
1038 1211 1237 1259 exploratio
1273 1211 1357 1247 mihi
1389 1211 1585 1259 persuasit,
1628 1223 1779 1247 nervum
1808 1211 1966 1259 opticum

182 1279 431 1317 tantummodo
461 1292 479 1315 e
509 1279 749 1327 singularibus
778 1279 950 1314 fibrarum
979 1278 1157 1314 fasciculis
1187 1278 1370 1326 componi,
1407 1278 1467 1326 qui
1496 1277 1731 1313 crassioribus
1761 1277 1852 1313 telae
1882 1289 1965 1313 con-

178 1347 360 1395 junctivae
391 1346 511 1381 stratis
539 1346 716 1381 uniantur.

318 1413 517 1450 Decursum
547 1412 651 1448 nervi
680 1412 787 1460 optici
817 1410 912 1459 apud
934 1410 1290 1459 Chondropterygios
1317 1410 1423 1458 longe
1445 1409 1551 1445 alium
1576 1422 1655 1446 esse
1677 1416 1826 1449 constat,
1857 1417 1964 1458 atque

184 1479 280 1529 apud
301 1479 522 1521 Teleosteos,
553 1478 857 1527 quemadmodum
884 1478 977 1514 enim
1001 1477 1097 1525 apud
1119 1476 1186 1513 hos
1207 1477 1314 1513 ambo
1336 1477 1438 1513 nervi
1459 1476 1703 1517 decussantur„
1733 1488 1818 1524 ergo
1840 1476 1966 1512 dexter

184 1546 230 1582 ad
267 1546 447 1582 sinistrum
486 1545 645 1588 oculum,
689 1545 830 1581 sinister
868 1544 915 1580 ad
951 1544 1118 1580 dextrum
1153 1544 1286 1592 pergit,
1329 1544 1377 1579 ita
1414 1543 1509 1591 apud
1538 1543 1616 1579 illos
1647 1543 1800 1591 quisque
1830 1554 1964 1579 nervus

185 1613 327 1649 oculum
363 1613 417 1649 sui
453 1612 573 1648 lateris
612 1611 693 1648 adit.
750 1610 952 1659 Longitudo
990 1617 1024 1647 et
1061 1610 1261 1646 crassitudo
1296 1609 1392 1658 apud
1422 1609 1578 1657 Squalos
1607 1622 1672 1658 pro
1702 1610 1805 1645 vario
1835 1621 1965 1657 genere

184 1679 379 1716 admodum
415 1678 635 1727 discrepant,
677 1678 767 1714 mira
803 1676 989 1726 longitudo
1027 1676 1124 1725 apud
1160 1678 1369 1725 Zygaenam
1405 1676 1572 1712 malleum
1607 1676 1796 1713 invenitur.
1852 1676 1965 1724 Hujus

183 1759 310 1795 nempe
341 1745 466 1782 oculus
496 1746 589 1781 circa
614 1745 720 1781 finem
740 1756 934 1793 processus
955 1743 1156 1781 malleoidei
1175 1743 1318 1786 residet,
1347 1743 1413 1779 abs
1435 1755 1507 1791 quo
1530 1743 1636 1779 etiam
1658 1742 1809 1779 musculi
1829 1742 1967 1790 obliqui

183 1814 387 1862 superiores
423 1818 458 1848 et
492 1812 679 1848 inferiores
716 1812 894 1855 01·iuntur;
937 1818 1092 1860 quatuor
1127 1811 1215 1847 recti
1248 1810 1391 1846 tendine
1427 1809 1606 1845 communi
1635 1821 1747 1857 prope
1776 1810 1966 1845 transitum

183 1881 286 1917 nervi
315 1879 423 1927 optici
449 1891 514 1927 per
543 1879 653 1914 cranii
682 1878 924 1926 cartilaginem
955 1878 1089 1914 ducunt
1109 1877 1291 1925 originem,
1322 1888 1393 1924 quo
1416 1888 1495 1911 cum
1514 1876 1656 1912 tendine
1679 1887 1812 1911 nervus
1833 1875 1966 1923 vagina

185 1946 373 1989 communi,
403 1958 449 1982 ex
477 1945 548 1981 tela
577 1946 805 1993 conjunctiva
832 1945 998 1987 formata,
1026 1943 1225 1979 includitur.
1270 1944 1346 1990 Qua
1372 1942 1523 1978 musculi
1550 1954 1571 1978 a
1596 1941 1737 1978 tendine
1758 1942 1965 1978 secedentes

185 2025 314 2050 conum
349 2012 502 2060 fingunt,
538 2013 571 2047 in
608 2011 713 2059 hujus
750 2012 810 2047 axi
838 2012 943 2059 juxta
970 2010 1125 2046 fulcrum
1154 2009 1440 2058 cartilagineunl,
1477 2021 1549 2057 quo
1579 2015 1799 2044 sustentatur
1828 2008 1964 2051 oculus,

184 2090 319 2117 nervus
350 2079 437 2115 situs
467 2085 530 2114 est.
575 2078 654 2115 Tali
683 2090 790 2114 cursu
819 2089 953 2114 nervus
982 2077 1121 2125 opticus
1142 2076 1287 2112 mirifice
1315 2075 1518 2124 elongatur:
1546 2075 1709 2111 Hammo
1733 2075 1965 2123 encephalum

186 2147 379 2194 Zygaenae
407 2145 524 2181 mallei
552 2145 737 2193 permagni
765 2144 850 2187 vidi,
878 2144 913 2179 in
944 2156 1016 2192 quo
1046 2143 1231 2191 longitudo
1260 2142 1352 2178 illius
1381 2141 1509 2190 pedem
1537 2141 1731 2177 rhenanum
1756 2141 1964 2178 excedebat.

359 2268 561 2304 cerebri
594 2277 762 2313 crura,
798 2267 900 2302 lobi
933 2274 1236 2312 comumnes,
1272 2274 1453 2300 nervus
1485 2263 1791 2307 olfactorius9

816 2326 996 2361 bulbus
1032 2324 1333 2360 olfactorius.

319 2410 545 2448 Pcdunculus
582 2409 719 2446 cerebri
753 2415 834 2445 ante
861 2408 967 2444 lobos
998 2408 1136 2456 opticos
1165 2407 1324 2456 positus,
1360 2419 1406 2443 ex
1436 2418 1508 2455 quo
1538 2405 1799 2454 hemisphaeria
1828 2413 1862 2442 et
1890 2407 1966 2443 lobi

186 2479 362 2515 olfactorii
394 2476 573 2514 formandi
610 2482 708 2519 sunt,
744 2476 854 2512 variis
891 2488 937 2512 ex
971 2474 1132 2510 fontibus
1167 2473 1277 2510 fibras
1314 2473 1466 2516 obtinet,
1503 2485 1656 2521 quarum
1685 2473 1900 2521 gravissima
1930 2480 1964 2510 et

187 2545 409 2582 crassissima
444 2556 491 2581 ex
525 2543 738 2592 corporibus
767 2540 1051 2591 pyramidalibus
1079 2541 1326 2589 proficiscitur.
1384 2541 1502 2588 Supra
1530 2546 1719 2587 utramque
1748 2539 1964 2576 habenulam

185 2611 477 2661 longitudinalem
508 2623 526 2647 e
556 2611 635 2646 sinu
661 2609 898 2646 rhomboideo
928 2608 1052 2644 subter
1081 2606 1294 2644 cerebellum
1323 2613 1358 2643 et
1387 2618 1494 2655 super
1521 2605 1671 2642 fundum
1694 2605 1767 2641 lobi
1791 2606 1897 2654 optici
1917 2606 1963 2642 ad

187 2691 267 2715 eum
303 2690 417 2727 usque
446 2677 565 2714 locum
594 2677 773 2725 persecuti
802 2687 943 2718 sumus,
980 2687 1052 2722 quo
1083 2687 1129 2711 ex
1158 2686 1281 2710 earnm
1309 2673 1419 2709 latere
1449 2679 1597 2709 externo
1627 2673 1742 2708 tenuis
1770 2672 1962 2708 fasciculus

329 2818 348 2857 ¹)
380 2819 456 2850 Tab.
482 2819 525 2850 111.
567 2819 616 2861 fig.
643 2818 662 2849 2
689 2825 717 2849 et
740 2817 788 2859 fig.
816 2817 851 2853 ὃς
892 2816 968 2847 Tab.
995 2816 1026 2847 ll.
1064 2815 1113 2858 fig.
1139 2814 1161 2846 4
1185 2815 1223 2845 cli
1248 2821 1276 2846 et
1299 2815 1331 2845 Π.
