<?xml version="1.0" encoding="UTF-8"?>
<!DOCTYPE html PUBLIC "-//W3C//DTD XHTML 1.0 Transitional//EN"
    "http://www.w3.org/TR/xhtml1/DTD/xhtml1-transitional.dtd">
<html xmlns="http://www.w3.org/1999/xhtml" xml:lang="en" lang="en">
 <head>
  <title>
</title>
<meta http-equiv="Content-Type" content="text/html;charset=utf-8" />
  <meta name='ocr-system' content='tesseract 3.04.00' />
  <meta name='ocr-capabilities' content='ocr_page ocr_carea ocr_par ocr_line ocrx_word'/>
</head>
<body>
  <div class='ocr_page' id='page_1' title='image "./deselachiorumetg00busc_0050.png"; bbox 0 0 2166 3084; ppageno 0'>
   <div class='ocr_carea' id='block_1_1' title="bbox 1034 149 1090 187">
    <p class='ocr_par' dir='ltr' id='par_1_1' title="bbox 1034 149 1090 187">
     <span class='ocr_line' id='line_1_1' title="bbox 1034 149 1090 187; baseline 0 0"><span class='ocrx_word' id='word_1_1' title='bbox 1034 149 1090 187; x_wconf 85' lang='grc'>46</span> 
     </span>
    </p>
   </div>
   <div class='ocr_carea' id='block_1_2' title="bbox 241 275 1951 848">
    <p class='ocr_par' dir='ltr' id='par_1_2' title="bbox 241 275 1951 848">
     <span class='ocr_line' id='line_1_2' title="bbox 272 275 1161 319; baseline 0.002 -14"><span class='ocrx_word' id='word_1_2' title='bbox 272 277 298 305; x_wconf 68' lang='lat' dir='ltr'>J.</span> <span class='ocrx_word' id='word_1_3' title='bbox 346 276 547 318; x_wconf 87' lang='lat' dir='ltr'>Encephalum</span> <span class='ocrx_word' id='word_1_4' title='bbox 573 276 665 318; x_wconf 83' lang='lat' dir='ltr'>Rajae</span> <span class='ocrx_word' id='word_1_5' title='bbox 690 275 822 307; x_wconf 81' lang='lat' dir='ltr'>radIatae</span> <span class='ocrx_word' id='word_1_6' title='bbox 848 288 864 307; x_wconf 90' lang='lat' dir='ltr'>a</span> <span class='ocrx_word' id='word_1_7' title='bbox 888 277 1043 319; x_wconf 81' lang='lat' dir='ltr'>superiore</span> <span class='ocrx_word' id='word_1_8' title='bbox 1067 283 1161 318; x_wconf 89' lang='lat' dir='ltr'>parte.</span> 
     </span>
     <span class='ocr_line' id='line_1_3' title="bbox 276 329 652 360; baseline 0.005 -2"><span class='ocrx_word' id='word_1_9' title='bbox 276 340 302 359; x_wconf 81' lang='lat' dir='ltr'>s.</span> <span class='ocrx_word' id='word_1_10' title='bbox 327 329 443 360; x_wconf 89' lang='lat' dir='ltr'>Bulbus</span> <span class='ocrx_word' id='word_1_11' title='bbox 468 329 652 360; x_wconf 84' lang='lat' dir='ltr'>olfactorius.</span> 
     </span>
     <span class='ocr_line' id='line_1_4' title="bbox 265 382 1365 424; baseline 0 -12"><span class='ocrx_word' id='word_1_12' title='bbox 265 393 301 413; x_wconf 65' lang='grc' dir='ltr'>η’.</span> <span class='ocrx_word' id='word_1_13' title='bbox 325 382 499 413; x_wconf 81' lang='lat' dir='ltr'>Membrana</span> <span class='ocrx_word' id='word_1_14' title='bbox 524 394 589 413; x_wconf 89' lang='lat' dir='ltr'>eum</span> <span class='ocrx_word' id='word_1_15' title='bbox 615 382 771 413; x_wconf 86' lang='lat' dir='ltr'>involvens</span> <span class='ocrx_word' id='word_1_16' title='bbox 797 382 892 413; x_wconf 89' lang='lat' dir='ltr'>solida</span> <span class='ocrx_word' id='word_1_17' title='bbox 917 382 1027 413; x_wconf 86' lang='lat' dir='ltr'>fibrosa</span> <span class='ocrx_word' id='word_1_18' title='bbox 1052 383 1193 424; x_wconf 85' lang='lat' dir='ltr'>utrinque</span> <span class='ocrx_word' id='word_1_19' title='bbox 1217 382 1365 413; x_wconf 82' lang='lat' dir='ltr'>reclinata.</span> 
     </span>
     <span class='ocr_line' id='line_1_5' title="bbox 276 434 695 477; baseline 0 -12"><span class='ocrx_word' id='word_1_20' title='bbox 276 442 299 466; x_wconf 82' lang='lat' dir='ltr'>t.</span> <span class='ocrx_word' id='word_1_21' title='bbox 330 434 472 477; x_wconf 82' lang='lat' dir='ltr'>Organon</span> <span class='ocrx_word' id='word_1_22' title='bbox 499 435 695 466; x_wconf 81' lang='lat' dir='ltr'>olfactorium.</span> 
     </span>
     <span class='ocr_line' id='line_1_6' title="bbox 270 488 1158 532; baseline 0.001 -14"><span class='ocrx_word' id='word_1_23' title='bbox 270 489 296 518; x_wconf 72' lang='lat' dir='ltr'>l.</span> <span class='ocrx_word' id='word_1_24' title='bbox 345 488 506 530; x_wconf 87' lang='lat' dir='ltr'>Encephali</span> <span class='ocrx_word' id='word_1_25' title='bbox 530 488 622 529; x_wconf 84' lang='lat' dir='ltr'>Rajae</span> <span class='ocrx_word' id='word_1_26' title='bbox 648 488 780 519; x_wconf 88' lang='lat' dir='ltr'>radiatae</span> <span class='ocrx_word' id='word_1_27' title='bbox 805 490 896 520; x_wconf 87' lang='lat' dir='ltr'>sectio</span> <span class='ocrx_word' id='word_1_28' title='bbox 922 488 1158 532; x_wconf 81' lang='lat' dir='ltr'>longitudinalis.</span> 
     </span>
     <span class='ocr_line' id='line_1_7' title="bbox 272 541 766 572; baseline 0.004 -2"><span class='ocrx_word' id='word_1_29' title='bbox 272 552 301 572; x_wconf 78' lang='lat' dir='ltr'>a.</span> <span class='ocrx_word' id='word_1_30' title='bbox 326 541 429 572; x_wconf 90' lang='lat' dir='ltr'>Lobus</span> <span class='ocrx_word' id='word_1_31' title='bbox 454 543 618 572; x_wconf 88' lang='lat' dir='ltr'>communis</span> <span class='ocrx_word' id='word_1_32' title='bbox 643 541 766 572; x_wconf 91' lang='lat' dir='ltr'>solidus.</span> 
     </span>
     <span class='ocr_line' id='line_1_8' title="bbox 253 593 660 625; baseline 0.005 -2"><span class='ocrx_word' id='word_1_33' title='bbox 253 594 300 624; x_wconf 70' lang='lat' dir='ltr'>ele.</span> <span class='ocrx_word' id='word_1_34' title='bbox 326 593 466 625; x_wconf 84' lang='lat' dir='ltr'>Chiasma</span> <span class='ocrx_word' id='word_1_35' title='bbox 491 594 660 625; x_wconf 85' lang='lat' dir='ltr'>dissectum.</span> 
     </span>
     <span class='ocr_line' id='line_1_9' title="bbox 269 646 844 678; baseline 0 -1"><span class='ocrx_word' id='word_1_36' title='bbox 269 647 300 678; x_wconf 83' lang='lat' dir='ltr'>d.</span> <span class='ocrx_word' id='word_1_37' title='bbox 327 646 511 678; x_wconf 86' lang='lat' dir='ltr'>Cerebellum</span> <span class='ocrx_word' id='word_1_38' title='bbox 537 659 603 678; x_wconf 91' lang='lat' dir='ltr'>cum</span> <span class='ocrx_word' id='word_1_39' title='bbox 628 658 682 678; x_wconf 89' lang='lat' dir='ltr'>sua</span> <span class='ocrx_word' id='word_1_40' title='bbox 708 649 844 678; x_wconf 80' lang='lat' dir='ltr'>cavitate.</span> 
     </span>
     <span class='ocr_line' id='line_1_10' title="bbox 241 699 1951 742; baseline 0.001 -12"><span class='ocrx_word' id='word_1_41' title='bbox 241 712 301 730; x_wconf 77' lang='grc' dir='ltr'>αα.</span> <span class='ocrx_word' id='word_1_42' title='bbox 326 700 456 731; x_wconf 82' lang='lat' dir='ltr'>Fimbria</span> <span class='ocrx_word' id='word_1_43' title='bbox 487 712 525 731; x_wconf 81' lang='lat' dir='ltr'>ex</span> <span class='ocrx_word' id='word_1_44' title='bbox 550 711 675 742; x_wconf 89' lang='lat' dir='ltr'>corpore</span> <span class='ocrx_word' id='word_1_45' title='bbox 699 699 861 730; x_wconf 85' lang='lat' dir='ltr'>restisormi</span> <span class='ocrx_word' id='word_1_46' title='bbox 886 706 964 737; x_wconf 85' lang='lat' dir='ltr'>orta,</span> <span class='ocrx_word' id='word_1_47' title='bbox 999 710 1091 742; x_wconf 83' lang='lat' dir='ltr'>quae,</span> <span class='ocrx_word' id='word_1_48' title='bbox 1122 699 1226 730; x_wconf 81' lang='lat' dir='ltr'>subter</span> <span class='ocrx_word' id='word_1_49' title='bbox 1250 699 1425 731; x_wconf 74' lang='lat' dir='ltr'>cerebellum</span> <span class='ocrx_word' id='word_1_50' title='bbox 1451 699 1592 731; x_wconf 85' lang='lat' dir='ltr'>demissa.</span> <span class='ocrx_word' id='word_1_51' title='bbox 1625 700 1665 731; x_wconf 90' lang='lat' dir='ltr'>ibi</span> <span class='ocrx_word' id='word_1_52' title='bbox 1690 707 1769 732; x_wconf 85' lang='lat' dir='ltr'>recta</span> <span class='ocrx_word' id='word_1_53' title='bbox 1797 700 1951 733; x_wconf 83' lang='lat' dir='ltr'>adscendit</span> 
     </span>
     <span class='ocr_line' id='line_1_11' title="bbox 328 752 1190 796; baseline 0 -12"><span class='ocrx_word' id='word_1_54' title='bbox 328 764 423 796; x_wconf 87' lang='lat' dir='ltr'>eoque</span> <span class='ocrx_word' id='word_1_55' title='bbox 447 753 537 784; x_wconf 90' lang='lat' dir='ltr'>modo</span> <span class='ocrx_word' id='word_1_56' title='bbox 563 755 706 795; x_wconf 82' lang='lat' dir='ltr'>parietem</span> <span class='ocrx_word' id='word_1_57' title='bbox 731 754 794 794; x_wconf 84' lang='lat' dir='ltr'>ejus</span> <span class='ocrx_word' id='word_1_58' title='bbox 819 752 989 784; x_wconf 82' lang='lat' dir='ltr'>inferiorem</span> <span class='ocrx_word' id='word_1_59' title='bbox 1015 752 1190 784; x_wconf 85' lang='lat' dir='ltr'>conformat.</span> 
     </span>
     <span class='ocr_line' id='line_1_12' title="bbox 259 805 672 848; baseline 0.002 -13"><span class='ocrx_word' id='word_1_60' title='bbox 259 817 300 836; x_wconf 87' lang='lat' dir='ltr'>m.</span> <span class='ocrx_word' id='word_1_61' title='bbox 324 805 541 848; x_wconf 87' lang='lat' dir='ltr'>Aquaeductus</span> <span class='ocrx_word' id='word_1_62' title='bbox 566 806 672 848; x_wconf 81' lang='lat' dir='ltr'>Sylvii.</span> 
     </span>
    </p>
   </div>
   <div class='ocr_carea' id='block_1_3' title="bbox 167 858 1390 1114">
    <p class='ocr_par' dir='ltr' id='par_1_3' title="bbox 277 858 752 890">
     <span class='ocr_line' id='line_1_13' title="bbox 277 858 752 890; baseline 0 -1"><span class='ocrx_word' id='word_1_63' title='bbox 277 865 299 890; x_wconf 79' lang='lat' dir='ltr'>t.</span> <span class='ocrx_word' id='word_1_64' title='bbox 324 859 434 890; x_wconf 81' lang='lat' dir='ltr'>Aditus</span> <span class='ocrx_word' id='word_1_65' title='bbox 458 858 496 889; x_wconf 87' lang='lat' dir='ltr'>ad</span> <span class='ocrx_word' id='word_1_66' title='bbox 520 858 752 889; x_wconf 80' lang='lat' dir='ltr'>infundibulum.</span> 
     </span>
    </p>

    <p class='ocr_par' dir='ltr' id='par_1_4' title="bbox 167 911 1165 1007">
     <span class='ocr_line' id='line_1_14' title="bbox 270 911 931 954; baseline 0.003 -14"><span class='ocrx_word' id='word_1_67' title='bbox 270 923 299 942; x_wconf 79' lang='grc' dir='ltr'>η.</span> <span class='ocrx_word' id='word_1_68' title='bbox 323 912 442 943; x_wconf 86' lang='lat' dir='ltr'>Arteria</span> <span class='ocrx_word' id='word_1_69' title='bbox 467 923 504 942; x_wconf 85' lang='lat' dir='ltr'>ex</span> <span class='ocrx_word' id='word_1_70' title='bbox 528 911 703 954; x_wconf 69' lang='lat' dir='ltr'>hypophysi</span> <span class='ocrx_word' id='word_1_71' title='bbox 728 912 931 954; x_wconf 84' lang='lat' dir='ltr'>proficiscens.</span> 
     </span>
     <span class='ocr_line' id='line_1_15' title="bbox 167 963 1165 1007; baseline -0.001 -12"><span class='ocrx_word' id='word_1_72' title='bbox 167 965 241 1006; x_wconf 71' lang='lat' dir='ltr'>Fiq.</span> <span class='ocrx_word' id='word_1_73' title='bbox 266 965 296 996; x_wconf 84' lang='grc'>5.</span> <span class='ocrx_word' id='word_1_74' title='bbox 345 965 548 1007; x_wconf 84' lang='lat' dir='ltr'>Encephalum</span> <span class='ocrx_word' id='word_1_75' title='bbox 572 965 663 1005; x_wconf 83' lang='lat' dir='ltr'>Rajae</span> <span class='ocrx_word' id='word_1_76' title='bbox 688 965 821 996; x_wconf 83' lang='lat' dir='ltr'>radiatae</span> <span class='ocrx_word' id='word_1_77' title='bbox 846 964 882 996; x_wconf 90' lang='lat' dir='ltr'>ab</span> <span class='ocrx_word' id='word_1_78' title='bbox 908 963 1047 995; x_wconf 86' lang='lat' dir='ltr'>inferiore</span> <span class='ocrx_word' id='word_1_79' title='bbox 1071 970 1165 1006; x_wconf 91' lang='lat' dir='ltr'>parte.</span> 
     </span>
    </p>

    <p class='ocr_par' dir='ltr' id='par_1_5' title="bbox 168 1016 1390 1114">
     <span class='ocr_line' id='line_1_16' title="bbox 271 1016 1390 1060; baseline 0.001 -13"><span class='ocrx_word' id='word_1_80' title='bbox 271 1018 300 1048; x_wconf 72' lang='lat' dir='ltr'>lc.</span> <span class='ocrx_word' id='word_1_81' title='bbox 327 1018 439 1050; x_wconf 88' lang='lat' dir='ltr'>Saccus</span> <span class='ocrx_word' id='word_1_82' title='bbox 465 1018 639 1049; x_wconf 91' lang='lat' dir='ltr'>vasculosus</span> <span class='ocrx_word' id='word_1_83' title='bbox 663 1017 787 1060; x_wconf 79' lang='lat' dir='ltr'>longus,</span> <span class='ocrx_word' id='word_1_84' title='bbox 818 1018 920 1055; x_wconf 84' lang='lat' dir='ltr'>laxus,</span> <span class='ocrx_word' id='word_1_85' title='bbox 953 1019 1001 1048; x_wconf 88' lang='lat' dir='ltr'>cui</span> <span class='ocrx_word' id='word_1_86' title='bbox 1025 1017 1215 1060; x_wconf 70' lang='lat' dir='ltr'>hypophysis</span> <span class='ocrx_word' id='word_1_87' title='bbox 1241 1016 1390 1048; x_wconf 72' lang='lat' dir='ltr'>adhaeret.</span> 
     </span>
     <span class='ocr_line' id='line_1_17' title="bbox 168 1071 928 1114; baseline 0 -13"><span class='ocrx_word' id='word_1_88' title='bbox 168 1071 230 1112; x_wconf 75' lang='lat' dir='ltr'><em>qu</em></span> <span class='ocrx_word' id='word_1_89' title='bbox 266 1072 296 1104; x_wconf 78' lang='grc'>6.</span> <span class='ocrx_word' id='word_1_90' title='bbox 342 1071 544 1114; x_wconf 87' lang='lat' dir='ltr'>Encephalum</span> <span class='ocrx_word' id='word_1_91' title='bbox 570 1071 723 1113; x_wconf 82' lang='lat' dir='ltr'>Trygonis</span> <span class='ocrx_word' id='word_1_92' title='bbox 747 1072 928 1113; x_wconf 81' lang='lat' dir='ltr'>pastinacae.</span> 
     </span>
    </p>
   </div>
   <div class='ocr_carea' id='block_1_4' title="bbox 288 1123 1283 1325">
    <p class='ocr_par' dir='ltr' id='par_1_6' title="bbox 295 1123 1204 1165">
     <span class='ocr_line' id='line_1_18' title="bbox 295 1123 1204 1165; baseline -0.001 -10"><span class='ocrx_word' id='word_1_93' title='bbox 295 1149 302 1155; x_wconf 96' lang='lat'>.</span> <span class='ocrx_word' id='word_1_94' title='bbox 327 1125 443 1156; x_wconf 89' lang='lat' dir='ltr'>Bulbus</span> <span class='ocrx_word' id='word_1_95' title='bbox 469 1124 643 1155; x_wconf 84' lang='lat' dir='ltr'>olfactorius</span> <span class='ocrx_word' id='word_1_96' title='bbox 667 1124 783 1165; x_wconf 80' lang='lat' dir='ltr'>planus,</span> <span class='ocrx_word' id='word_1_97' title='bbox 810 1125 838 1154; x_wconf 92' lang='lat' dir='ltr'>in</span> <span class='ocrx_word' id='word_1_98' title='bbox 864 1123 924 1154; x_wconf 90' lang='lat' dir='ltr'>duo</span> <span class='ocrx_word' id='word_1_99' title='bbox 950 1134 1036 1154; x_wconf 91' lang='lat' dir='ltr'>crura</span> <span class='ocrx_word' id='word_1_100' title='bbox 1062 1123 1204 1165; x_wconf 85' lang='lat' dir='ltr'>dilapsus.</span> 
     </span>
    </p>

    <p class='ocr_par' dir='ltr' id='par_1_7' title="bbox 290 1177 690 1220">
     <span class='ocr_line' id='line_1_19' title="bbox 290 1177 690 1220; baseline 0 -13"><span class='ocrx_word' id='word_1_101' title='bbox 290 1201 297 1207; x_wconf 85' lang='lat'>.</span> <span class='ocrx_word' id='word_1_102' title='bbox 324 1177 467 1220; x_wconf 79' lang='lat' dir='ltr'>Organon</span> <span class='ocrx_word' id='word_1_103' title='bbox 492 1177 690 1208; x_wconf 80' lang='lat' dir='ltr'>olfactoriuln.</span> 
     </span>
    </p>

    <p class='ocr_par' dir='ltr' id='par_1_8' title="bbox 288 1229 963 1273">
     <span class='ocr_line' id='line_1_20' title="bbox 288 1229 963 1273; baseline -0.001 -12"><span class='ocrx_word' id='word_1_104' title='bbox 288 1254 295 1261; x_wconf 93' lang='lat'>.</span> <span class='ocrx_word' id='word_1_105' title='bbox 342 1231 545 1273; x_wconf 78' lang='lat' dir='ltr'>Bucephalum</span> <span class='ocrx_word' id='word_1_106' title='bbox 570 1231 777 1272; x_wconf 84' lang='lat' dir='ltr'>Accipenseris</span> <span class='ocrx_word' id='word_1_107' title='bbox 803 1229 963 1261; x_wconf 87' lang='lat' dir='ltr'>Sturionis.</span> 
     </span>
    </p>

    <p class='ocr_par' dir='ltr' id='par_1_9' title="bbox 295 1281 1283 1325">
     <span class='ocr_line' id='line_1_21' title="bbox 295 1281 1283 1325; baseline -0.002 -11"><span class='ocrx_word' id='word_1_108' title='bbox 295 1307 302 1314; x_wconf 94' lang='lat'>.</span> <span class='ocrx_word' id='word_1_109' title='bbox 326 1285 551 1315; x_wconf 85' lang='lat' dir='ltr'>Intumescentia</span> <span class='ocrx_word' id='word_1_110' title='bbox 577 1285 606 1314; x_wconf 92' lang='lat' dir='ltr'>in</span> <span class='ocrx_word' id='word_1_111' title='bbox 632 1282 762 1314; x_wconf 78' lang='lat' dir='ltr'>secundo</span> <span class='ocrx_word' id='word_1_112' title='bbox 789 1284 924 1325; x_wconf 89' lang='lat' dir='ltr'>corporis</span> <span class='ocrx_word' id='word_1_113' title='bbox 949 1281 1126 1314; x_wconf 85' lang='lat' dir='ltr'>restisormis</span> <span class='ocrx_word' id='word_1_114' title='bbox 1151 1282 1283 1313; x_wconf 87' lang='lat' dir='ltr'>dimidio.</span> 
     </span>
    </p>
   </div>
   <div class='ocr_carea' id='block_1_5' title="bbox 266 1136 295 1316">
    <p class='ocr_par' dir='ltr' id='par_1_10' title="bbox 266 1136 295 1316">
     <span class='ocr_line' id='line_1_22' title="bbox 266 1136 295 1316; textangle 90"><span class='ocrx_word' id='word_1_115' title='bbox 266 1184 295 1316; x_wconf 48' lang='lat' dir='ltr'>rc*¹⁵⁴</span> <span class='ocrx_word' id='word_1_116' title='bbox 276 1136 292 1154; x_wconf 56' lang='lat' dir='ltr'>cn</span> 
     </span>
    </p>
   </div>
   <div class='ocr_carea' id='block_1_6' title="bbox 271 1315 302 1367">
    <p class='ocr_par' dir='ltr' id='par_1_11' title="bbox 271 1315 302 1367">
     <span class='ocr_line' id='line_1_23' title="bbox 271 1315 302 1367; textangle 90"><span class='ocrx_word' id='word_1_117' title='bbox 271 1338 302 1367; x_wconf 47' lang='grc' dir='ltr'>..ζ</span> <span class='ocrx_word' id='word_1_118' title='bbox 279 1315 289 1320; x_wconf 78' lang='grc' dir='ltr'><em>ι</em></span> 
     </span>
    </p>
   </div>
   <div class='ocr_carea' id='block_1_7' title="bbox 169 1335 1947 2336">
    <p class='ocr_par' dir='ltr' id='par_1_12' title="bbox 169 1335 1947 2336">
     <span class='ocr_line' id='line_1_24' title="bbox 330 1335 1947 1379; baseline 0 -11"><span class='ocrx_word' id='word_1_119' title='bbox 330 1337 514 1369; x_wconf 87' lang='lat' dir='ltr'>Cerebellum</span> <span class='ocrx_word' id='word_1_120' title='bbox 545 1348 705 1379; x_wconf 89' lang='lat' dir='ltr'>corporum</span> <span class='ocrx_word' id='word_1_121' title='bbox 735 1336 948 1367; x_wconf 86' lang='lat' dir='ltr'>restisormium</span> <span class='ocrx_word' id='word_1_122' title='bbox 978 1335 1140 1378; x_wconf 85' lang='lat' dir='ltr'>syndrome</span> <span class='ocrx_word' id='word_1_123' title='bbox 1171 1343 1284 1374; x_wconf 83' lang='lat' dir='ltr'>ortum,</span> <span class='ocrx_word' id='word_1_124' title='bbox 1323 1347 1389 1367; x_wconf 92' lang='lat' dir='ltr'>cum</span> <span class='ocrx_word' id='word_1_125' title='bbox 1421 1335 1539 1367; x_wconf 88' lang='lat' dir='ltr'>duabus</span> <span class='ocrx_word' id='word_1_126' title='bbox 1570 1335 1785 1378; x_wconf 81' lang='lat' dir='ltr'>appendicibus</span> <span class='ocrx_word' id='word_1_127' title='bbox 1813 1335 1947 1379; x_wconf 71' lang='lat' dir='ltr'>globosis</span> 
     </span>
     <span class='ocr_line' id='line_1_25' title="bbox 326 1390 509 1421; baseline -0.005 0"><span class='ocrx_word' id='word_1_128' title='bbox 326 1390 509 1421; x_wconf 75' lang='lat' dir='ltr'>lateralibus.</span> 
     </span>
     <span class='ocr_line' id='line_1_26' title="bbox 274 1442 706 1474; baseline -0.002 0"><span class='ocrx_word' id='word_1_129' title='bbox 274 1455 301 1474; x_wconf 91' lang='lat' dir='ltr'>o.</span> <span class='ocrx_word' id='word_1_130' title='bbox 326 1443 499 1474; x_wconf 82' lang='lat' dir='ltr'>Tubercula</span> <span class='ocrx_word' id='word_1_131' title='bbox 523 1442 706 1474; x_wconf 88' lang='lat' dir='ltr'>intermedia.</span> 
     </span>
     <span class='ocr_line' id='line_1_27' title="bbox 269 1496 951 1538; baseline -0.003 -10"><span class='ocrx_word' id='word_1_132' title='bbox 269 1509 301 1537; x_wconf 78' lang='lat'>9.</span> <span class='ocrx_word' id='word_1_133' title='bbox 326 1497 418 1533; x_wconf 87' lang='lat' dir='ltr'>Lobi‚</span> <span class='ocrx_word' id='word_1_134' title='bbox 452 1497 503 1538; x_wconf 91' lang='lat' dir='ltr'>qui</span> <span class='ocrx_word' id='word_1_135' title='bbox 528 1496 682 1532; x_wconf 73' lang='lat' dir='ltr'>dicuntur,</span> <span class='ocrx_word' id='word_1_136' title='bbox 715 1496 951 1538; x_wconf 74' lang='lat' dir='ltr'>hemispliaerici.</span> 
     </span>
     <span class='ocr_line' id='line_1_28' title="bbox 244 1549 1105 1592; baseline 0 -12"><span class='ocrx_word' id='word_1_137' title='bbox 244 1550 298 1582; x_wconf 83' lang='lat' dir='ltr'>bb.</span> <span class='ocrx_word' id='word_1_138' title='bbox 325 1549 454 1582; x_wconf 89' lang='lat' dir='ltr'>Crurum</span> <span class='ocrx_word' id='word_1_139' title='bbox 478 1549 592 1581; x_wconf 83' lang='lat' dir='ltr'>cerebri</span> <span class='ocrx_word' id='word_1_140' title='bbox 616 1561 686 1591; x_wconf 89' lang='lat' dir='ltr'>pars</span> <span class='ocrx_word' id='word_1_141' title='bbox 711 1550 788 1580; x_wconf 86' lang='lat' dir='ltr'>inter</span> <span class='ocrx_word' id='word_1_142' title='bbox 812 1555 972 1592; x_wconf 88' lang='lat' dir='ltr'>utrumque</span> <span class='ocrx_word' id='word_1_143' title='bbox 996 1551 1105 1591; x_wconf 82' lang='lat' dir='ltr'>posita.</span> 
     </span>
     <span class='ocr_line' id='line_1_29' title="bbox 273 1601 1947 1645; baseline 0 -12"><span class='ocrx_word' id='word_1_144' title='bbox 273 1615 301 1634; x_wconf 79' lang='lat' dir='ltr'>s.</span> <span class='ocrx_word' id='word_1_145' title='bbox 327 1603 521 1635; x_wconf 88' lang='lat' dir='ltr'>Continuatio</span> <span class='ocrx_word' id='word_1_146' title='bbox 551 1603 694 1634; x_wconf 91' lang='lat' dir='ltr'>fibrarum</span> <span class='ocrx_word' id='word_1_147' title='bbox 719 1613 734 1631; x_wconf 80' lang='lat' dir='ltr'><em>s</em></span> <span class='ocrx_word' id='word_1_148' title='bbox 758 1602 871 1645; x_wconf 81' lang='lat' dir='ltr'>figurae</span> <span class='ocrx_word' id='word_1_149' title='bbox 896 1602 931 1640; x_wconf 82' lang='lat'>8,</span> <span class='ocrx_word' id='word_1_150' title='bbox 962 1608 1080 1645; x_wconf 89' lang='lat' dir='ltr'>portam</span> <span class='ocrx_word' id='word_1_151' title='bbox 1105 1602 1152 1633; x_wconf 88' lang='lat' dir='ltr'>hie</span> <span class='ocrx_word' id='word_1_152' title='bbox 1178 1601 1384 1639; x_wconf 69' lang='lat' dir='ltr'>formanfium,</span> <span class='ocrx_word' id='word_1_153' title='bbox 1415 1601 1519 1633; x_wconf 85' lang='lat' dir='ltr'>subter</span> <span class='ocrx_word' id='word_1_154' title='bbox 1543 1612 1630 1644; x_wconf 87' lang='lat' dir='ltr'>quam</span> <span class='ocrx_word' id='word_1_155' title='bbox 1656 1601 1694 1633; x_wconf 86' lang='lat' dir='ltr'>ad</span> <span class='ocrx_word' id='word_1_156' title='bbox 1718 1612 1879 1633; x_wconf 80' lang='lat' dir='ltr'>nervorum</span> <span class='ocrx_word' id='word_1_157' title='bbox 1905 1602 1947 1633; x_wconf 91' lang='lat' dir='ltr'>ol-</span> 
     </span>
     <span class='ocr_line' id='line_1_30' title="bbox 328 1657 876 1698; baseline -0.004 -10"><span class='ocrx_word' id='word_1_158' title='bbox 328 1657 522 1688; x_wconf 83' lang='lat' dir='ltr'>factoriorunl</span> <span class='ocrx_word' id='word_1_159' title='bbox 548 1667 652 1688; x_wconf 82' lang='lat' dir='ltr'>cavum</span> <span class='ocrx_word' id='word_1_160' title='bbox 676 1657 876 1698; x_wconf 82' lang='lat' dir='ltr'>pervenimus.</span> 
     </span>
     <span class='ocr_line' id='line_1_31' title="bbox 278 1709 1197 1751; baseline -0.002 -10"><span class='ocrx_word' id='word_1_161' title='bbox 278 1716 300 1741; x_wconf 78' lang='lat' dir='ltr'>t.</span> <span class='ocrx_word' id='word_1_162' title='bbox 323 1710 429 1741; x_wconf 91' lang='lat' dir='ltr'>Nodus</span> <span class='ocrx_word' id='word_1_163' title='bbox 454 1709 637 1746; x_wconf 84' lang='lat' dir='ltr'>medullaris,</span> <span class='ocrx_word' id='word_1_164' title='bbox 669 1711 698 1740; x_wconf 94' lang='lat' dir='ltr'>in</span> <span class='ocrx_word' id='word_1_165' title='bbox 724 1720 810 1751; x_wconf 89' lang='lat' dir='ltr'>quem</span> <span class='ocrx_word' id='word_1_166' title='bbox 834 1709 927 1740; x_wconf 89' lang='lat' dir='ltr'>fibrae</span> <span class='ocrx_word' id='word_1_167' title='bbox 952 1720 968 1738; x_wconf 78' lang='lat' dir='ltr'>s</span> <span class='ocrx_word' id='word_1_168' title='bbox 992 1710 1197 1740; x_wconf 85' lang='lat' dir='ltr'>terminantur.</span> 
     </span>
     <span class='ocr_line' id='line_1_32' title="bbox 266 1761 1420 1805; baseline -0.002 -11"><span class='ocrx_word' id='word_1_169' title='bbox 266 1762 298 1793; x_wconf 82' lang='grc'>8.</span> <span class='ocrx_word' id='word_1_170' title='bbox 343 1763 514 1805; x_wconf 85' lang='lat' dir='ltr'>Adspectus</span> <span class='ocrx_word' id='word_1_171' title='bbox 539 1763 667 1793; x_wconf 87' lang='lat' dir='ltr'>lateralis</span> <span class='ocrx_word' id='word_1_172' title='bbox 691 1762 752 1793; x_wconf 90' lang='lat' dir='ltr'>lobi</span> <span class='ocrx_word' id='word_1_173' title='bbox 777 1762 1003 1804; x_wconf 89' lang='lat' dir='ltr'>hemisphaerici</span> <span class='ocrx_word' id='word_1_174' title='bbox 1027 1762 1235 1805; x_wconf 86' lang='lat' dir='ltr'>Accipenseris</span> <span class='ocrx_word' id='word_1_175' title='bbox 1260 1761 1420 1793; x_wconf 80' lang='lat' dir='ltr'>Sturionis.</span> 
     </span>
     <span class='ocr_line' id='line_1_33' title="bbox 269 1816 716 1858; baseline 0 -12"><span class='ocrx_word' id='word_1_176' title='bbox 269 1827 300 1856; x_wconf 75' lang='lat' dir='ltr'>q.</span> <span class='ocrx_word' id='word_1_177' title='bbox 326 1816 429 1847; x_wconf 90' lang='lat' dir='ltr'>Lobus</span> <span class='ocrx_word' id='word_1_178' title='bbox 454 1816 716 1858; x_wconf 85' lang='lat' dir='ltr'>hemisphaericus.</span> 
     </span>
     <span class='ocr_line' id='line_1_34' title="bbox 271 1868 1024 1910; baseline -0.001 -10"><span class='ocrx_word' id='word_1_179' title='bbox 271 1880 301 1910; x_wconf 82' lang='lat' dir='ltr'>q.</span> <span class='ocrx_word' id='word_1_180' title='bbox 328 1869 436 1900; x_wconf 89' lang='lat' dir='ltr'>Sulcus</span> <span class='ocrx_word' id='word_1_181' title='bbox 461 1875 490 1900; x_wconf 85' lang='lat' dir='ltr'>et</span> <span class='ocrx_word' id='word_1_182' title='bbox 514 1868 599 1899; x_wconf 84' lang='lat' dir='ltr'>fovea</span> <span class='ocrx_word' id='word_1_183' title='bbox 624 1870 655 1899; x_wconf 89' lang='lat' dir='ltr'>in</span> <span class='ocrx_word' id='word_1_184' title='bbox 679 1869 742 1910; x_wconf 86' lang='lat' dir='ltr'>ejus</span> <span class='ocrx_word' id='word_1_185' title='bbox 766 1869 878 1910; x_wconf 83' lang='lat' dir='ltr'>pariete</span> <span class='ocrx_word' id='word_1_186' title='bbox 902 1868 1024 1899; x_wconf 85' lang='lat' dir='ltr'>laterali.</span> 
     </span>
     <span class='ocr_line' id='line_1_35' title="bbox 273 1921 1446 1964; baseline -0.001 -11"><span class='ocrx_word' id='word_1_187' title='bbox 273 1934 300 1953; x_wconf 82' lang='lat' dir='ltr'>r.</span> <span class='ocrx_word' id='word_1_188' title='bbox 325 1922 432 1953; x_wconf 87' lang='lat' dir='ltr'>Fibrae</span> <span class='ocrx_word' id='word_1_189' title='bbox 458 1922 533 1953; x_wconf 83' lang='lat' dir='ltr'>infra</span> <span class='ocrx_word' id='word_1_190' title='bbox 558 1922 687 1959; x_wconf 84' lang='lat' dir='ltr'>sulcum,</span> <span class='ocrx_word' id='word_1_191' title='bbox 720 1921 758 1952; x_wconf 91' lang='lat' dir='ltr'>ad</span> <span class='ocrx_word' id='word_1_192' title='bbox 782 1933 905 1952; x_wconf 88' lang='lat' dir='ltr'>nervum</span> <span class='ocrx_word' id='word_1_193' title='bbox 932 1921 1121 1952; x_wconf 81' lang='lat' dir='ltr'>olfactorium</span> <span class='ocrx_word' id='word_1_194' title='bbox 1146 1921 1255 1952; x_wconf 82' lang='lat' dir='ltr'>directe</span> <span class='ocrx_word' id='word_1_195' title='bbox 1279 1927 1446 1964; x_wconf 82' lang='lat' dir='ltr'>pergentes.</span> 
     </span>
     <span class='ocr_line' id='line_1_36' title="bbox 276 1974 1945 2017; baseline -0.001 -12"><span class='ocrx_word' id='word_1_196' title='bbox 276 1986 301 2006; x_wconf 75' lang='lat' dir='ltr'>s.</span> <span class='ocrx_word' id='word_1_197' title='bbox 326 1976 433 2007; x_wconf 80' lang='lat' dir='ltr'>Fibrae</span> <span class='ocrx_word' id='word_1_198' title='bbox 461 1987 553 2017; x_wconf 90' lang='lat' dir='ltr'>supra</span> <span class='ocrx_word' id='word_1_199' title='bbox 577 1976 706 2012; x_wconf 90' lang='lat' dir='ltr'>sulcum,</span> <span class='ocrx_word' id='word_1_200' title='bbox 739 1986 830 2017; x_wconf 88' lang='lat' dir='ltr'>quae,</span> <span class='ocrx_word' id='word_1_201' title='bbox 862 1986 879 2005; x_wconf 90' lang='lat' dir='ltr'>a</span> <span class='ocrx_word' id='word_1_202' title='bbox 902 1974 986 2005; x_wconf 89' lang='lat' dir='ltr'>fibris</span> <span class='ocrx_word' id='word_1_203' title='bbox 1010 1986 1027 2004; x_wconf 82' lang='lat' dir='ltr'>r</span> <span class='ocrx_word' id='word_1_204' title='bbox 1051 1975 1217 2017; x_wconf 84' lang='lat' dir='ltr'>digressae,</span> <span class='ocrx_word' id='word_1_205' title='bbox 1249 1986 1369 2006; x_wconf 86' lang='lat' dir='ltr'>seorsae</span> <span class='ocrx_word' id='word_1_206' title='bbox 1394 1976 1555 2006; x_wconf 87' lang='lat' dir='ltr'>introrsum</span> <span class='ocrx_word' id='word_1_207' title='bbox 1579 1985 1697 2005; x_wconf 85' lang='lat' dir='ltr'>sursum</span> <span class='ocrx_word' id='word_1_208' title='bbox 1723 1980 1750 2005; x_wconf 85' lang='lat' dir='ltr'>et</span> <span class='ocrx_word' id='word_1_209' title='bbox 1776 1980 1945 2005; x_wconf 87' lang='lat' dir='ltr'>antrorsum</span> 
     </span>
     <span class='ocr_line' id='line_1_37' title="bbox 328 2028 502 2059; baseline 0 0"><span class='ocrx_word' id='word_1_210' title='bbox 328 2028 502 2059; x_wconf 88' lang='lat' dir='ltr'>decurrunt.</span> 
     </span>
     <span class='ocr_line' id='line_1_38' title="bbox 169 2079 1277 2123; baseline -0.002 -11"><span class='ocrx_word' id='word_1_211' title='bbox 169 2081 242 2123; x_wconf 76' lang='lat' dir='ltr'>Fiq.</span> <span class='ocrx_word' id='word_1_212' title='bbox 266 2082 297 2112; x_wconf 80' lang='grc'>9.</span> <span class='ocrx_word' id='word_1_213' title='bbox 344 2081 545 2123; x_wconf 74' lang='lat' dir='ltr'>Enceplialum</span> <span class='ocrx_word' id='word_1_214' title='bbox 570 2081 736 2122; x_wconf 85' lang='lat' dir='ltr'>Lepisostei</span> <span class='ocrx_word' id='word_1_215' title='bbox 760 2079 939 2110; x_wconf 77' lang='lat' dir='ltr'>seiniradiati</span> <span class='ocrx_word' id='word_1_216' title='bbox 964 2091 980 2110; x_wconf 87' lang='lat' dir='ltr'>a</span> <span class='ocrx_word' id='word_1_217' title='bbox 1004 2081 1159 2122; x_wconf 89' lang='lat' dir='ltr'>superiore</span> <span class='ocrx_word' id='word_1_218' title='bbox 1183 2086 1277 2122; x_wconf 90' lang='lat' dir='ltr'>parte.</span> 
     </span>
     <span class='ocr_line' id='line_1_39' title="bbox 266 2133 585 2174; baseline -0.003 -9"><span class='ocrx_word' id='word_1_219' title='bbox 266 2146 301 2174; x_wconf 82' lang='lat' dir='ltr'>p.</span> <span class='ocrx_word' id='word_1_220' title='bbox 325 2135 403 2165; x_wconf 93' lang='lat' dir='ltr'>Lobi</span> <span class='ocrx_word' id='word_1_221' title='bbox 428 2133 585 2165; x_wconf 84' lang='lat' dir='ltr'>olfactorii.</span> 
     </span>
     <span class='ocr_line' id='line_1_40' title="bbox 271 2187 663 2229; baseline -0.005 -10"><span class='ocrx_word' id='word_1_222' title='bbox 271 2199 303 2227; x_wconf 78' lang='lat'>9.</span> <span class='ocrx_word' id='word_1_223' title='bbox 326 2187 402 2218; x_wconf 91' lang='lat' dir='ltr'>Lobi</span> <span class='ocrx_word' id='word_1_224' title='bbox 427 2187 663 2229; x_wconf 85' lang='lat' dir='ltr'>hemisphaerici.</span> 
     </span>
     <span class='ocr_line' id='line_1_41' title="bbox 169 2237 1306 2282; baseline 0 -12"><span class='ocrx_word' id='word_1_225' title='bbox 169 2240 241 2281; x_wconf 71' lang='lat' dir='ltr'>Fiq.</span> <span class='ocrx_word' id='word_1_226' title='bbox 265 2241 320 2271; x_wconf 74' lang='grc'>11.</span> <span class='ocrx_word' id='word_1_227' title='bbox 366 2240 569 2282; x_wconf 80' lang='lat' dir='ltr'>Encephalum</span> <span class='ocrx_word' id='word_1_228' title='bbox 593 2239 759 2282; x_wconf 85' lang='lat' dir='ltr'>Lepisostei</span> <span class='ocrx_word' id='word_1_229' title='bbox 783 2238 963 2270; x_wconf 87' lang='lat' dir='ltr'>semiradiati</span> <span class='ocrx_word' id='word_1_230' title='bbox 988 2238 1024 2270; x_wconf 90' lang='lat' dir='ltr'>ab</span> <span class='ocrx_word' id='word_1_231' title='bbox 1050 2237 1188 2270; x_wconf 84' lang='lat' dir='ltr'>inferiore</span> <span class='ocrx_word' id='word_1_232' title='bbox 1212 2245 1306 2281; x_wconf 86' lang='lat' dir='ltr'>parte.</span> 
     </span>
     <span class='ocr_line' id='line_1_42' title="bbox 272 2291 1037 2336; baseline 0 -13"><span class='ocrx_word' id='word_1_233' title='bbox 272 2294 302 2324; x_wconf 79' lang='grc' dir='ltr'>Ιι.</span> <span class='ocrx_word' id='word_1_234' title='bbox 326 2293 522 2336; x_wconf 82' lang='lat' dir='ltr'>Hypophysis</span> <span class='ocrx_word' id='word_1_235' title='bbox 547 2293 629 2323; x_wconf 90' lang='lat' dir='ltr'>sulco</span> <span class='ocrx_word' id='word_1_236' title='bbox 655 2294 685 2323; x_wconf 90' lang='lat' dir='ltr'>in</span> <span class='ocrx_word' id='word_1_237' title='bbox 709 2292 783 2323; x_wconf 79' lang='lat' dir='ltr'>duas</span> <span class='ocrx_word' id='word_1_238' title='bbox 806 2298 906 2334; x_wconf 88' lang='lat' dir='ltr'>partes</span> <span class='ocrx_word' id='word_1_239' title='bbox 932 2291 1037 2324; x_wconf 84' lang='lat' dir='ltr'>divisa.</span> 
     </span>
    </p>
   </div>
   <div class='ocr_carea' id='block_1_8' title="bbox 962 2379 1154 2420">
    <p class='ocr_par' dir='ltr' id='par_1_13' title="bbox 962 2379 1154 2420">
     <span class='ocr_line' id='line_1_43' title="bbox 962 2379 1154 2420; baseline -0.005 0"><span class='ocrx_word' id='word_1_240' title='bbox 962 2379 1074 2420; x_wconf 89' lang='lat' dir='ltr'>TAB.</span> <span class='ocrx_word' id='word_1_241' title='bbox 1112 2379 1154 2419; x_wconf 91' lang='lat' dir='ltr'>Il.</span> 
     </span>
    </p>
   </div>
   <div class='ocr_carea' id='block_1_9' title="bbox 170 2451 1947 2813">
    <p class='ocr_par' dir='ltr' id='par_1_14' title="bbox 170 2451 1184 2601">
     <span class='ocr_line' id='line_1_44' title="bbox 170 2451 1184 2495; baseline -0.001 -12"><span class='ocrx_word' id='word_1_242' title='bbox 170 2453 242 2493; x_wconf 75' lang='lat' dir='ltr'>Fiq.</span> <span class='ocrx_word' id='word_1_243' title='bbox 266 2454 298 2484; x_wconf 91' lang='grc'>1.</span> <span class='ocrx_word' id='word_1_244' title='bbox 346 2453 547 2495; x_wconf 82' lang='lat' dir='ltr'>Encephalum</span> <span class='ocrx_word' id='word_1_245' title='bbox 571 2451 691 2482; x_wconf 87' lang='lat' dir='ltr'>Musteli</span> <span class='ocrx_word' id='word_1_246' title='bbox 715 2451 847 2493; x_wconf 83' lang='lat' dir='ltr'>vulgaris</span> <span class='ocrx_word' id='word_1_247' title='bbox 872 2462 887 2481; x_wconf 84' lang='lat' dir='ltr'>a</span> <span class='ocrx_word' id='word_1_248' title='bbox 912 2457 997 2493; x_wconf 84' lang='lat' dir='ltr'>parte</span> <span class='ocrx_word' id='word_1_249' title='bbox 1021 2452 1184 2493; x_wconf 83' lang='lat' dir='ltr'>superiore.</span> 
     </span>
     <span class='ocr_line' id='line_1_45' title="bbox 276 2506 599 2537; baseline -0.006 0"><span class='ocrx_word' id='word_1_250' title='bbox 276 2517 302 2537; x_wconf 78' lang='lat' dir='ltr'>S.</span> <span class='ocrx_word' id='word_1_251' title='bbox 327 2506 417 2537; x_wconf 88' lang='lat' dir='ltr'>Bulbi</span> <span class='ocrx_word' id='word_1_252' title='bbox 443 2506 599 2536; x_wconf 81' lang='lat' dir='ltr'>olfactorii.</span> 
     </span>
     <span class='ocr_line' id='line_1_46' title="bbox 281 2558 695 2601; baseline -0.005 -11"><span class='ocrx_word' id='word_1_253' title='bbox 281 2566 303 2590; x_wconf 80' lang='lat' dir='ltr'>t.</span> <span class='ocrx_word' id='word_1_254' title='bbox 330 2558 472 2601; x_wconf 84' lang='lat' dir='ltr'>Organon</span> <span class='ocrx_word' id='word_1_255' title='bbox 498 2558 695 2588; x_wconf 87' lang='lat' dir='ltr'>olsactorium.</span> 
     </span>
    </p>

    <p class='ocr_par' dir='ltr' id='par_1_15' title="bbox 171 2608 1947 2759">
     <span class='ocr_line' id='line_1_47' title="bbox 171 2608 1947 2653; baseline -0.002 -10"><span class='ocrx_word' id='word_1_256' title='bbox 171 2612 242 2653; x_wconf 69' lang='lat' dir='ltr'>Fiq.</span> <span class='ocrx_word' id='word_1_257' title='bbox 269 2613 298 2642; x_wconf 73' lang='grc'>2.</span> <span class='ocrx_word' id='word_1_258' title='bbox 347 2612 531 2643; x_wconf 87' lang='lat' dir='ltr'>Cerebellum</span> <span class='ocrx_word' id='word_1_259' title='bbox 563 2617 592 2641; x_wconf 88' lang='lat' dir='ltr'>et</span> <span class='ocrx_word' id='word_1_260' title='bbox 621 2610 748 2642; x_wconf 81' lang='lat' dir='ltr'>medulla</span> <span class='ocrx_word' id='word_1_261' title='bbox 779 2609 942 2653; x_wconf 82' lang='lat' dir='ltr'>oblongata</span> <span class='ocrx_word' id='word_1_262' title='bbox 971 2609 1092 2641; x_wconf 87' lang='lat' dir='ltr'>Musteli</span> <span class='ocrx_word' id='word_1_263' title='bbox 1123 2609 1255 2652; x_wconf 80' lang='lat' dir='ltr'>vulgaris</span> <span class='ocrx_word' id='word_1_264' title='bbox 1280 2609 1371 2652; x_wconf 89' lang='lat' dir='ltr'>duplo</span> <span class='ocrx_word' id='word_1_265' title='bbox 1398 2609 1583 2651; x_wconf 88' lang='lat' dir='ltr'>amplificata.</span> <span class='ocrx_word' id='word_1_266' title='bbox 1632 2608 1787 2639; x_wconf 80' lang='lat' dir='ltr'>Posterior</span> <span class='ocrx_word' id='word_1_267' title='bbox 1811 2608 1947 2640; x_wconf 86' lang='lat' dir='ltr'>cerebelli</span> 
     </span>
     <span class='ocr_line' id='line_1_48' title="bbox 344 2661 1945 2707; baseline -0.001 -12"><span class='ocrx_word' id='word_1_268' title='bbox 344 2676 413 2707; x_wconf 88' lang='lat' dir='ltr'>pars</span> <span class='ocrx_word' id='word_1_269' title='bbox 445 2671 613 2695; x_wconf 88' lang='lat' dir='ltr'>antrorsum</span> <span class='ocrx_word' id='word_1_270' title='bbox 645 2670 673 2694; x_wconf 89' lang='lat' dir='ltr'>et</span> <span class='ocrx_word' id='word_1_271' title='bbox 703 2674 821 2694; x_wconf 90' lang='lat' dir='ltr'>sursum</span> <span class='ocrx_word' id='word_1_272' title='bbox 845 2663 986 2694; x_wconf 87' lang='lat' dir='ltr'>reclinata</span> <span class='ocrx_word' id='word_1_273' title='bbox 1011 2669 1070 2701; x_wconf 89' lang='lat' dir='ltr'>est,</span> <span class='ocrx_word' id='word_1_274' title='bbox 1101 2669 1135 2694; x_wconf 89' lang='lat' dir='ltr'>ut</span> <span class='ocrx_word' id='word_1_275' title='bbox 1159 2663 1302 2693; x_wconf 85' lang='lat' dir='ltr'>transitus</span> <span class='ocrx_word' id='word_1_276' title='bbox 1326 2661 1459 2693; x_wconf 89' lang='lat' dir='ltr'>fimbriae</span> <span class='ocrx_word' id='word_1_277' title='bbox 1485 2674 1499 2693; x_wconf 89' lang='lat' dir='ltr'>e</span> <span class='ocrx_word' id='word_1_278' title='bbox 1525 2661 1703 2704; x_wconf 88' lang='lat' dir='ltr'>corporibus</span> <span class='ocrx_word' id='word_1_279' title='bbox 1727 2661 1945 2693; x_wconf 84' lang='lat' dir='ltr'>restisormibus</span> 
     </span>
     <span class='ocr_line' id='line_1_49' title="bbox 345 2715 1366 2759; baseline -0.002 -11"><span class='ocrx_word' id='word_1_280' title='bbox 345 2724 427 2749; x_wconf 85' lang='lat' dir='ltr'>ortae</span> <span class='ocrx_word' id='word_1_281' title='bbox 452 2729 511 2748; x_wconf 76' lang='grc' dir='ltr'>αα.</span> <span class='ocrx_word' id='word_1_282' title='bbox 537 2719 565 2747; x_wconf 93' lang='lat' dir='ltr'>in</span> <span class='ocrx_word' id='word_1_283' title='bbox 589 2718 731 2759; x_wconf 89' lang='lat' dir='ltr'>parietem</span> <span class='ocrx_word' id='word_1_284' title='bbox 758 2716 894 2747; x_wconf 84' lang='lat' dir='ltr'>cerebelli</span> <span class='ocrx_word' id='word_1_285' title='bbox 918 2715 1086 2748; x_wconf 81' lang='lat' dir='ltr'>inferiorem</span> <span class='ocrx_word' id='word_1_286' title='bbox 1110 2716 1133 2745; x_wconf 77' lang='lat' dir='ltr'>cl</span> <span class='ocrx_word' id='word_1_287' title='bbox 1156 2717 1366 2758; x_wconf 84' lang='lat' dir='ltr'>conspiciatur.</span> 
     </span>
    </p>

    <p class='ocr_par' dir='ltr' id='par_1_16' title="bbox 244 2770 882 2813">
     <span class='ocr_line' id='line_1_50' title="bbox 244 2770 882 2813; baseline -0.003 -11"><span class='ocrx_word' id='word_1_288' title='bbox 244 2771 300 2802; x_wconf 84' lang='lat' dir='ltr'>V1.</span> <span class='ocrx_word' id='word_1_289' title='bbox 325 2771 415 2802; x_wconf 83' lang='lat' dir='ltr'>Nervi</span> <span class='ocrx_word' id='word_1_290' title='bbox 441 2771 587 2813; x_wconf 79' lang='lat' dir='ltr'>trigemini</span> <span class='ocrx_word' id='word_1_291' title='bbox 612 2770 699 2801; x_wconf 86' lang='lat' dir='ltr'>radix</span> <span class='ocrx_word' id='word_1_292' title='bbox 724 2770 882 2812; x_wconf 85' lang='lat' dir='ltr'>posterior.</span> 
     </span>
    </p>
   </div>
  </div>
 </body>
</html>
