2166 3084
1075 145 1129 184 16

208 275 352 325 Squalis
388 273 576 316 adscribit,
615 272 854 310 ventriculum
892 285 971 309 esse
1008 273 1175 322 opinatur
1210 273 1409 317 lateralem,
1452 274 1573 310 tunica
1600 274 1812 318 vasculosa,
1850 287 1941 324 qnae
1971 288 1991 312 a

205 348 307 390 parte
335 341 475 390 postica
502 340 621 388 ipsum
650 340 766 383 intret,
796 351 938 388 semper
966 340 1147 377 vestitum.
1190 340 1312 376 Lobos
1343 341 1482 389 opticos
1510 353 1528 376 e
1554 340 1726 377 lateribus
1752 340 1991 378 funiculorum

204 407 381 444 medullae
412 406 569 455 spinalis,
598 413 803 442 antrorsum
832 406 1105 450 decurrentium,
1134 407 1323 455 proficisci,
1353 407 1690 456 diversissimasque
1721 407 1764 443 de
1790 408 1831 444 iis
1853 414 1992 444 senten-

205 475 273 511 tias
303 485 382 511 esse
411 473 514 516 latas,
543 480 730 517 memorat,
760 485 798 510 se
828 473 973 522 quidem
1000 486 1067 522 pro
1098 474 1288 510 eminentia
1316 473 1587 522 quadrigemina
1616 486 1678 511 eos
1707 473 1851 510 habere.
1889 473 1993 522 Quod

206 540 351 590 quidem
377 540 602 576 ratiocinium
631 552 649 576 e
679 539 758 576 sola
786 540 952 589 analogia
981 541 1081 585 situs,
1109 541 1247 577 formae
1273 547 1308 577 et
1334 541 1582 578 excavationis
1606 540 1758 584 deducit,
1789 552 1882 589 [piae
1905 541 1992 589 ipsis

206 620 287 644 cum
322 607 448 644 eadem
483 605 666 655 encephali
698 613 800 655 parte
828 607 947 644 foetus
976 607 1121 644 humani
1149 606 1362 651 intercedat3
1406 606 1492 655 quid
1522 608 1624 645 nervi
1652 607 1861 644 trochlearis
1892 608 1992 656 origo

200 674 337 723 jubeat,
367 673 505 710 silentio
534 673 791 722 praetermittit.

341 740 625 777 Treviranus
664 740 732 776 sub
766 740 860 776 idem
887 746 1029 789 tempus
1058 740 1214 789 primum
1245 740 1288 776 de
1317 739 1384 776 hac
1412 740 1560 776 materie
1589 739 1714 783 edidit;
1752 741 1865 777 serius
1896 753 1992 777 com-

204 807 460 844 mentationem
495 806 641 842 alteram
678 807 713 842 in
749 806 1037 855 ephemeridibus
1075 806 1204 843 excudi
1240 807 1381 843 curavit
1399 803 1440 852 ¹),
1477 807 1647 855 quoniam
1682 819 1784 843 suam
1820 807 1863 843 de
1898 807 1992 843 lobis

206 874 332 922 opticis
362 873 592 916 sententiam,
629 884 783 920 quorum
813 873 911 909 notio
942 873 1146 909 difficillime
1175 880 1229 909 est
1258 872 1526 916 constituenda,
1564 885 1586 909 a
1615 873 1740 916 Gallis,
1775 874 1837 922 qui
1866 886 1993 922 seque-

204 941 347 983 bantur,
376 938 576 988 neglectam
604 938 755 975 Viderat.
812 939 851 976 Id
880 940 1045 976 nimirum
1075 940 1202 988 arguit,
1231 940 1434 988 posteriora
1460 939 1723 988 hemisphaeria
1752 940 1885 983 avium,
1919 953 1992 976 am-

204 1007 427 1056 phibiorum,
465 1006 616 1054 piscium
644 1017 716 1041 non
744 1005 853 1042 modo
884 1018 905 1042 a
935 1018 1086 1055 corpore
1116 1006 1388 1055 quadrigemino
1417 1006 1660 1043 mammalium
1687 1018 1796 1055 posse
1827 1006 1993 1050 derivari,

205 1086 334 1111 verum
370 1073 477 1109 etiam
509 1071 686 1108 thalamos
717 1073 856 1121 opticos
885 1073 927 1109 iis
958 1072 1224 1109 conformandis
1255 1073 1479 1122 aliquantum
1506 1073 1690 1110 inservire.
1747 1073 1837 1110 Prae
1867 1074 1992 1110 ceteris

207 1141 314 1177 etiam
344 1151 498 1188 corpora
525 1139 726 1187 geniculata
754 1140 789 1175 in
817 1140 859 1176 iis
890 1140 985 1176 cerni
1007 1146 1178 1176 autumat.
1225 1140 1299 1176 Imo
1321 1139 1418 1188 apud
1439 1139 1688 1183 Ostacanthos,
1718 1152 1872 1188 (plorum
1892 1141 1995 1176 nervi

208 1207 384 1244 olfactorii
427 1206 599 1253 originem
642 1218 788 1254 qnoque
825 1219 872 1242 ex
906 1206 1000 1243 lobis
1040 1207 1166 1255 opticis
1201 1206 1433 1255 repetendam
1469 1213 1590 1243 censet
1625 1214 1660 1243 et
1695 1218 1849 1255 quorum
1884 1206 1991 1243 lobos

206 1274 393 1310 inferiores
422 1284 488 1321 pro
520 1273 717 1309 eminentiis
747 1272 1018 1309 candicantibus
1047 1273 1173 1316 habet,
1207 1273 1362 1322 ideoque
1391 1274 1563 1310 fornicem
1593 1280 1627 1310 et
1657 1286 1787 1322 corpus
1819 1273 1993 1310 callosum

208 1339 381 1383 defendit,
416 1338 679 1387 hemisphaeria
715 1340 896 1375 anteriora
930 1346 965 1376 et
993 1341 1196 1388 posteriora
1225 1340 1489 1389 amphibiorum
1519 1341 1714 1389 aviumque
1742 1340 1835 1376 lobis
1867 1341 1992 1389 opticis

207 1406 425 1449 consociari,
468 1405 607 1441 asserit.
668 1405 881 1454 Analogiam
923 1407 1014 1443 inter
1056 1406 1289 1455 encephalum
1332 1407 1483 1455 piscium
1525 1407 1717 1455 soetusqne
1751 1406 1992 1443 mammalinm

206 1473 337 1509 nullius
365 1472 537 1508 momenti
566 1483 645 1508 esse
675 1473 808 1508 scribit.

343 1538 448 1587 Quod
476 1538 522 1574 ad
552 1537 920 1587 Chondropterygios,
948 1539 1143 1577 Acanthiae
1171 1539 1332 1588 vulgaris
1362 1539 1596 1588 encephalum
1625 1539 1792 1576 delineari
1822 1541 1970 1577 curavit.

343 1601 560 1650 Fanum-²²)
604 1618 684 1641 cnm
712 1606 754 1642 iis
791 1607 983 1649 consentit,
1022 1606 1083 1654 qui
1116 1606 1223 1642 lobos
1260 1607 1398 1654 opticos
1435 1619 1502 1655 pro
1539 1606 1808 1655 hemisphaeriis
1843 1607 1992 1650 habent,

208 1673 428 1715 eminentias,
459 1683 552 1720 quae
581 1672 677 1720 apud
701 1672 938 1709 Ostacanthos
968 1673 1003 1709 in
1032 1674 1073 1709 iis
1103 1672 1427 1722 deprehenduntur,
1457 1685 1610 1722 corpora
1633 1685 1712 1710 esse
1735 1679 1837 1722 putat
1858 1675 1992 1717 striata,

206 1739 313 1775 lobos
343 1739 530 1776 inferiores
559 1738 724 1775 thalamis
755 1740 881 1788 opticis
911 1740 1132 1788 aequiparat.
1178 1740 1317 1776 Horum
1347 1746 1466 1776 autem
1494 1752 1687 1788 perversas
1710 1740 1839 1777 obtulit
1859 1741 1989 1784 icones,

206 1817 289 1842 nam
319 1806 385 1842 toti
413 1806 517 1843 nervi
546 1806 653 1854 optici
681 1805 761 1842 inde
792 1806 964 1854 originem
994 1805 1124 1843 ducere
1151 1806 1329 1843 videntur.
1387 1806 1609 1844 Soliditatem
1638 1806 1805 1843 lohornm
1835 1819 1992 1844 commn-

206 1873 304 1908 nium
333 1872 429 1921 apud
458 1873 567 1920 Rajas
596 1884 667 1908 non
696 1872 846 1920 ignorat.

342 1936 499 1984 Kuhl³)
530 1952 575 1975 ex
605 1938 1026 1987 Chondropterygiorum
1054 1951 1203 1975 numero
1235 1939 1378 1988 quidem
1410 1939 1520 1976 solius
1544 1939 1737 1977 Acanthiae
1760 1940 1992 1989 encephaluln

209 2005 352 2053 depingi
381 2006 537 2048 curavit,
571 2005 675 2052 hujus
705 2011 825 2040 autem
854 2005 1042 2040 nonnullas
1071 2012 1192 2053 partes
1222 2007 1488 2042 accuratissime
1516 2007 1745 2055 perquisivit,
1784 2020 1812 2042 e.
1842 2019 1893 2055 gr.
1923 2008 1991 2043 ori-

209 2072 328 2120 ginem
363 2070 529 2107 cerebelli
565 2084 611 2107 ex
647 2070 860 2119 corporibus
896 2071 1160 2107 restisormibus
1197 2078 1232 2108 et
1267 2073 1430 2108 cruribus
1467 2085 1513 2109 ex
1541 2072 1699 2109 funiculo
1729 2073 1857 2109 olivari
1884 2074 1991 2122 profi-

211 2138 426 2174 ciscentibus
456 2138 505 2174 ita
535 2137 739 2185 descripsit,
768 2143 808 2173 ut
836 2136 940 2173 facile
968 2137 1194 2186 intelligatur.
1249 2138 1327 2175 Alia
1354 2151 1455 2182 vero,
1485 2145 1524 2175 ut
1553 2151 1705 2188 corpora
1733 2139 1990 2183 mammillaria,

209 2216 301 2253 quae
332 2204 506 2247 dicuntur,
536 2216 617 2240 eum
644 2203 913 2252 praeterierunt.

344 2266 573 2316 Somme⁴¹),
620 2269 803 2319 encephali
837 2277 958 2319 partes
993 2272 1307 2319 interpretaturus,
1344 2271 1450 2308 lobos
1489 2273 1627 2320 opticos
1656 2272 1916 2321 hemisphaeria
1945 2279 1988 2316 et,

209 2337 307 2386 quod
337 2349 423 2373 sane
451 2337 580 2373 mirum
608 2336 767 2380 videtur,
795 2336 901 2373 lohos
929 2338 1116 2374 inferiores
1146 2338 1353 2374 eminentias
1383 2338 1634 2375 mammillares
1655 2338 1829 2387 appellat,
1860 2340 1989 2376 etenim

352 2487 371 2529 ¹)
402 2490 671 2533 Untersuchungen
700 2490 776 2522 iiber
806 2490 863 2522 deu
892 2491 958 2522 Bau
987 2491 1050 2522 und
1080 2491 1127 2522 die
1154 2492 1346 2524 Funktionen
1377 2492 1427 2523 des
1454 2492 1580 2524 Gchirns
1610 2494 1640 2523 in
1671 2492 1728 2524 den
1758 2494 1987 2526 verschiedencn

209 2544 336 2575 Klasscn
360 2543 423 2574 und
445 2544 587 2574 Familien
611 2543 663 2575 des
689 2544 888 2576 Thicrreichs.
937 2545 1063 2576 Bremen
1091 2544 1186 2576 1820.
1216 2565 1252 2570 —
1279 2545 1377 2577 Ueher
1401 2545 1447 2577 die
1472 2546 1590 2577 hintern
1614 2546 1830 2589 Hcmisphiiren
1854 2547 1904 2578 des
1931 2548 1987 2579 Ge-

209 2597 293 2628 hirns
324 2596 376 2628 der
398 2597 511 2639 Vogel,
537 2597 718 2639 Amphibien
750 2598 811 2629 und
834 2598 955 2635 Fische,
986 2599 1015 2628 in
1054 2598 1248 2630 »zeitschrift
1271 2598 1319 2629 fiir
1342 2599 1551 2641 Physiologie,
1582 2599 1645 2631 her.
1671 2611 1732 2631 von
1756 2599 1984 2631 Tiedcmann

209 2650 272 2681 und
297 2650 555 2681 Treviranus«
588 2652 702 2682 vierten
726 2650 843 2682 Bandes
868 2657 959 2682 erstes
982 2650 1062 2682 Hest.
1110 2651 1291 2695 Heidelberg
1315 2652 1377 2683 und
1400 2652 1524 2695 Leipzig
1550 2652 1645 2684 1831.

351 2700 373 2743 ⁹)
403 2703 446 2734 De
471 2705 619 2734 anatomia
645 2710 816 2746 comparata
840 2709 869 2735 et
891 2704 1020 2735 naturali
1043 2704 1237 2747 philosophia
1261 2707 1481 2736 commentatio.
1528 2705 1618 2737 Jenae
1646 2705 1739 2738 1820.

352 2754 373 2795 ³)
405 2755 542 2798 Beitriige
566 2767 620 2787 zur
642 2757 889 2800 vergleichenden
912 2757 1081 2789 Anatomie.
1128 2757 1291 2789 Frankfurt
1317 2757 1411 2789 1820.

352 2805 375 2848 ⁴)
406 2808 591 2840 Recherches
616 2821 668 2840 sur
691 2810 868 2842 l‘Anatomie
893 2812 1049 2853 comparee
1074 2811 1114 2842 du
1139 2822 1275 2842 cerveau.
1323 2811 1439 2842 Anvers
1468 2811 1561 2843 1824.
