2166 3084
1074 134 1128 173 15

202 274 279 298 ram
319 262 551 311 singularem,
594 275 687 311 quae
728 263 825 311 apud
861 275 984 299 omnes
1020 262 1177 312 Squalos
1214 263 1359 307 eodem,
1402 263 1499 313 apud
1533 265 1641 312 Rajas
1676 271 1770 302 certe
1806 266 1841 302 iu
1875 266 1985 303 rebus

202 329 379 377 primariis
417 336 658 366 consentaneo
695 329 803 365 modo
840 336 1046 366 constructa
1082 336 1153 373 est,
1195 330 1292 378 apud
1325 330 1484 379 reliquos
1520 331 1875 381 Chomh·opterygios
1913 345 1984 369 non

205 396 475 439 observaverit,
510 396 633 432 verbis
670 396 763 432 enim
799 395 939 432 disertis
976 396 1114 433 scribit:
1160 397 1373 433 »Ventriculi
1409 398 1527 446 quarti
1562 398 1688 434 faeiem
1717 398 1921 435 inferiorem
1950 400 1984 435 in

205 463 265 510 Sq.
296 462 421 498 Catulo
458 468 492 498 et
528 462 624 510 Rajis
667 462 808 498 laevem
844 462 1036 498 diximus«
1093 463 1197 511 Quod
1231 463 1306 499 lobi
1346 465 1451 512 optici
1489 465 1697 507 cavitatem,
1743 477 1851 513 quam
1888 466 1985 514 apud

204 528 443 577 Torpedinem
470 527 699 572 desideravit,
727 528 832 577 plane
858 541 1013 565 vacuam
1041 528 1134 572 dicit,
1163 542 1272 566 eausa
1297 530 1332 566 in
1353 542 1396 566 eo
1417 531 1581 574 cernitur,
1612 530 1710 579 quod
1732 531 1984 568 fasciculorum

202 593 478 643 pyramidalium
515 595 799 631 continuationes
834 607 899 643 per
929 596 1003 643 ejus
1032 595 1184 632 fundum
1212 597 1362 645 ignorat.
1420 596 1522 644 Quod
1552 597 1598 633 ad
1626 597 1779 646 partium
1809 597 1985 634 dictarum

204 661 421 697 functionem
456 661 597 704 attinet,
636 662 848 710 corporibus
885 661 1183 710 quadrigeininis,
1220 669 1368 712 propter
1402 663 1572 712 figuram,
1607 670 1755 712 propter
1790 676 1985 701 nervorum

203 728 402 775 opticorum
432 728 598 776 origines,
628 734 662 764 et
691 728 954 764 similitudinem
985 741 1065 765 cum
1095 728 1220 765 eadem
1249 730 1387 766 cerebri
1415 737 1516 779 parte
1545 730 1641 779 apud
1670 730 1821 767 aliorum
1850 732 1984 768 auima-

201 793 286 830 lium
317 794 552 842 embryones,
594 806 654 831 eas
685 795 904 843 aequiparat.
953 796 1030 843 Qua
1059 795 1102 832 de
1132 808 1242 832 causa
1270 796 1445 833 Meckel
1474 797 1507 833 iu
1539 797 1706 846 epistola,
1745 797 1984 834 dissertationi

202 860 341 904 addita,
379 873 460 897 eum
488 860 731 909 reprehendit,
769 862 901 910 quippe
932 863 1009 911 qui,
1040 862 1282 899 Cuvierum
1312 870 1473 907 secutus,
1508 863 1616 901 hosce
1644 863 1750 900 lobos
1779 877 1844 913 pro
1874 864 1983 901 hemi-

203 926 376 975 sphaeriis
404 927 591 964 habendos
621 928 809 964 existimet.

336 994 519 1030 Loborum
557 994 825 1031 olfactoriorum
856 1007 987 1032 cavum
1016 995 1112 1044 apud
1140 995 1422 1045 Plagiostomos,
1466 997 1597 1045 quibus
1628 1004 1699 1040 est,
1730 997 1983 1046 (Torpedinem

202 1067 236 1097 et
266 1062 474 1109 Zygaenam
505 1062 667 1110 exeipit),
698 1068 863 1098 accurate
894 1062 1080 1106 describit,
1110 1063 1204 1100 idem
1234 1064 1327 1100 enim
1356 1069 1457 1112 septo
1488 1064 1663 1112 separari,
1694 1070 1728 1099 et
1756 1076 1820 1112 per
1850 1076 1982 1101 nervos

202 1127 408 1164 olfactorios
439 1128 637 1164 continuari
665 1129 776 1165 novit.

337 1191 511 1239 Carus¹)
540 1195 712 1242 imprimis
742 1201 867 1231 notatu
895 1194 1040 1243 dignum
1065 1208 1144 1232 esse
1165 1196 1258 1239 dicit,
1289 1196 1387 1245 quod
1408 1196 1640 1245 encephalum
1660 1197 1820 1245 piscium,
1851 1199 1981 1246 quippe

200 1260 404 1296 animalium
432 1260 651 1304 inferiorum,
683 1262 948 1298 »eentricitate«
979 1269 1109 1305 careat,
1139 1263 1303 1299 nimirum
1330 1276 1348 1299 e
1377 1263 1523 1311 singulis
1551 1270 1688 1299 tantum
1714 1264 1864 1312 gangliis
1887 1277 1981 1301 com-

199 1333 363 1375 ponatur.
409 1327 545 1364 Sensus
576 1327 752 1364 olfactorii
780 1334 955 1364 memorat
983 1328 1152 1377 ganglion
1183 1342 1263 1365 cum
1292 1330 1413 1366 nervis
1444 1331 1703 1373 consentaneis,
1734 1331 1832 1379 quod
1862 1337 1981 1367 autem

203 1394 361 1442 pluribus
388 1393 481 1430 lobis
508 1395 623 1442 possit
648 1394 872 1443 amplificari3
900 1395 1068 1443 ganglion
1090 1396 1203 1439 visus,
1233 1397 1252 1432 i.
1274 1408 1302 1432 e.
1322 1395 1499 1432 thalamos
1521 1396 1658 1444 opticos
1680 1397 1797 1441 (lobes
1820 1398 1981 1445 opticos),

199 1460 367 1509 ganglion
402 1461 517 1509 impar
552 1461 726 1497 medullae
763 1461 926 1510 spinalis,
964 1462 1061 1510 quod
1096 1463 1209 1498 motui
1244 1463 1417 1500 inserviat
1453 1469 1487 1498 ct
1521 1463 1732 1512 plerumque
1767 1464 1981 1500 cerebellum

199 1526 387 1575 apelletur3
416 1533 603 1575 praeterea
633 1528 795 1576 quintum
825 1535 859 1564 et
888 1540 1021 1564 nonum
1052 1541 1247 1565 nervorum
1276 1542 1342 1577 par
1370 1529 1513 1578 ganglia
1542 1531 1735 1579 singularia
1764 1532 1797 1567 in
1827 1531 1981 1567 medulla

200 1593 395 1642 oblongata
432 1594 592 1631 obtinere
628 1606 736 1643 posse
774 1595 892 1631 refert.
949 1596 1070 1632 Lobos
1108 1596 1311 1639 inferiores,
1348 1596 1393 1632 ad
1424 1609 1577 1645 quorum
1608 1598 1799 1634 cavitatem
1828 1597 1980 1633 infundi-

198 1660 321 1697 bulum
365 1660 477 1704 ducit,
520 1661 702 1709 aptissime
745 1674 811 1710 pro
855 1661 1006 1710 gangliis
1049 1662 1312 1711 hypophyseos
1354 1662 1472 1699 habet.
1536 1663 1719 1701 Cuvieri
1759 1664 1980 1712 aliorumque

198 1727 425 1771 sententiam,
456 1728 517 1776 qui
547 1727 693 1764 eosdem
722 1727 898 1765 thalamos
930 1729 1080 1777 opticos,
1110 1736 1171 1766 aut
1200 1730 1407 1766 eminentias
1437 1730 1651 1767 mamillares
1681 1743 1778 1774 esse,
1806 1730 1979 1779 repudiat.

331 1795 425 1831 Inter
445 1794 801 1843 Chondroptcrygios
830 1795 939 1831 modo
961 1795 1201 1844 Torpedinem
1232 1797 1432 1833 accuratius
1462 1797 1644 1845 perquirit,
1674 1799 1822 1846 ejusque
1842 1798 1980 1833 iconem

198 1860 360 1904 exhibet3
388 1861 619 1909 reliquorum,
648 1862 772 1910 inquit,
802 1862 988 1898 cerebrum
1017 1863 1177 1898 obtinere
1205 1869 1365 1898 centrum
1393 1863 1514 1911 incipit
1542 1876 1607 1912 per
1633 1864 1738 1900 lobos
1767 1864 1977 1905 anteriores,

199 1928 330 1976 quippe
360 1928 421 1976 qui
450 1929 621 1976 majorem
650 1927 826 1964 medullae
855 1928 984 1964 molem
1016 1929 1177 1972 offerant,
1207 1941 1315 1977 saepe
1347 1930 1427 1965 cavi
1456 1930 1535 1973 sint,
1565 1937 1599 1966 et
1619 1931 1756 1967 cerebri
1774 1930 1978 1978 pedunculo

197 1994 381 2030 insideant.
427 1995 504 2042 Qua
531 2007 580 2037 re,
609 1995 667 2038 ait,
696 1995 853 2043 probari,
882 1996 916 2031 in
945 1996 986 2031 iis
1015 1996 1135 2044 posita
1160 2007 1239 2032 esse
1263 1995 1533 2044 hemisphaeria,
1564 2004 1687 2034 contra
1712 1997 1818 2033 lobos
1841 1997 1978 2045 opticos

199 2061 244 2097 nil
273 2061 417 2104 habere,
447 2061 514 2097 nisi
542 2061 695 2109 parietes
726 2061 857 2109 ganglii
887 2073 1024 2105 sensus,
1053 2063 1073 2098 i.
1103 2075 1131 2098 e.
1161 2061 1307 2098 thalami
1337 2063 1452 2110 optici.

332 2125 539 2173 Weber&
576 2129 727 2176 piscium
763 2128 995 2172 cerebellum,
1031 2128 1068 2165 id
1104 2128 1203 2178 quod
1235 2130 1308 2177 jam
1343 2129 1442 2177 prius
1480 2129 1585 2166 Ebel
1622 2131 1868 2174 existimabat,
1912 2144 1977 2179 pro

200 2194 335 2230 cerebri
370 2200 471 2242 parte
500 2193 626 2237 habet,
665 2195 793 2230 etenim
823 2207 954 2243 corpus
985 2195 1293 2244 (piadrigeminum
1322 2196 1356 2231 in
1387 2208 1429 2232 eo
1460 2197 1555 2232 cerni
1583 2203 1700 2244 putat,
1737 2197 1849 2234 altera
1878 2204 1979 2246 parte

199 2261 302 2297 lobos
334 2262 471 2309 opt1cos
501 2260 778 2309 hemisphaeria,
818 2274 971 2310 corpora
999 2261 1215 2297 restiformia
1244 2261 1457 2298 cerebellum
1487 2274 1566 2298 esse
1596 2263 1798 2300 arbitratur.

334 2326 604 2364 Tiedemann
625 2324 666 2373 ³),
702 2328 894 2376 praecipue
930 2328 1082 2376 piscium
1112 2327 1345 2377 encephalum
1375 2335 1409 2365 et
1436 2329 1554 2365 foetus
1581 2329 1726 2366 humani
1755 2342 1978 2379 comparans,

200 2394 246 2430 illi
274 2393 404 2430 multas
434 2393 584 2442 derogat
612 2400 744 2443 partes,
775 2407 867 2443 quae
895 2394 977 2430 huie
1007 2401 1221 2443 competant,
1250 2401 1289 2431 ut
1316 2407 1468 2443 corpora
1492 2395 1652 2440 olivaria,
1682 2397 1816 2440 striata,
1847 2409 1978 2445 corpus

199 2460 390 2504 callosum,
425 2460 607 2497 fornicem.
663 2461 753 2498 Lobi
789 2461 986 2497 communis
1020 2461 1275 2505 ventriculum,
1313 2473 1420 2510 quem
1448 2474 1636 2511 perperam
1665 2463 1762 2511 Rajis
1793 2475 1907 2512 aeque
1937 2476 1978 2499 ac

342 2586 360 2629 ¹)
393 2588 527 2626 Carus,
554 2589 690 2621 Versuch
716 2591 796 2620 einer
819 2589 1010 2632 Darstellung
1035 2589 1086 2621 des
1108 2589 1365 2632 Nervensystems,
1391 2590 1453 2621 und
1477 2590 1641 2622 besonders
1667 2591 1717 2622 des
1739 2590 1875 2627 Gehirns,
1902 2591 1978 2621 nach

199 2642 276 2672 ihrer
300 2642 493 2685 Bedeutung,
525 2643 740 2685 Entwickiung
764 2642 825 2673 und
849 2642 1041 2685 Vollendnng
1065 2644 1103 2674 im
1127 2643 1307 2674 thierischen
1333 2642 1538 2685 Organismus.
1588 2644 1711 2686 Leipzig
1743 2643 1838 2675 1814,

338 2693 359 2734 ²)
389 2696 549 2727 Auatomia
575 2703 744 2738 comparata
768 2697 852 2727 nervi
876 2696 1065 2738 sympathici.
1113 2696 1238 2738 Leipzig
1263 2695 1359 2727 1817.

338 2745 359 2788 3)
390 2749 547 2780 Anatomie
571 2749 633 2780 und
658 2749 974 2792 Bildnngsgeschichte
1000 2749 1050 2780 des
1078 2748 1204 2780 Gehirns
1229 2750 1267 2779 im
1292 2749 1386 2780 Fetus
1412 2749 1462 2780 des
1487 2749 1664 2787 Menschen,
1697 2749 1784 2781 nebst
1808 2751 1888 2781 einer
1913 2761 1977 2782 ver-

196 2801 389 2844 gleiehenden
413 2802 605 2845 Darstellung
630 2802 680 2834 des
705 2803 873 2834 IIirnbaues
898 2804 927 2833 in
953 2802 1009 2833 den
1033 2802 1174 2834 Thieren.
1222 2801 1382 2845 Niirnberg
1409 2801 1503 2834 1816.
