2166 3084
1048 139 1105 178 28

188 285 311 310 corum
347 270 581 320 protenditur.
637 268 772 305 Eadem
807 268 881 304 fere
918 275 973 304 est
1007 267 1237 317 hypophysis
1273 268 1372 305 Galei
1398 253 1504 304 'canis
1525 265 1566 313 ι).
1623 268 1711 304 Pars
1749 268 1824 315 ejus
1861 266 1970 302 cranii

188 339 391 387 cartilagine
420 336 558 373 inclusa
586 347 844 383 nonnunquam
873 334 918 371 ad
948 346 1130 371 enormem
1159 334 1426 383 amplitudinem
1454 334 1630 377 tumescit,
1660 334 1759 381 cujus
1779 333 1830 369 rei
1850 345 1970 368 exem-

186 404 285 453 plum
315 403 582 451 Centrophorus
613 413 831 450 squamosus
861 401 975 437 offert.
1019 401 1184 438 Ceterum
1213 400 1312 449 quod
1341 400 1387 436 ad
1416 401 1522 437 situm
1551 399 1780 448 hypophysis
1806 399 1971 447 pertinet,

188 482 329 519 semper
356 470 593 519 posteriorem
622 469 697 516 ejus
727 468 988 504 extremitatem
1014 468 1118 504 nervi
1144 467 1394 503 oculomotorii
1421 467 1593 515 originem
1618 472 1736 514 tegere
1755 464 1931 502 videmus.

323 537 414 573 Lobi
442 536 646 578 inferiores,
675 534 968 571 intumescentiae
995 533 1288 570 rotundiusculae
1317 533 1477 581 piscibus
1506 533 1689 581 propriae,
1719 531 1815 580 apud
1844 531 1972 568 Teleo-

189 610 286 640 steos
315 603 526 652 plerumque
554 614 649 651 pone
678 600 912 650 hypophysin
941 601 1098 649 positae,
1132 599 1228 648 apud
1258 599 1615 648 Chondropterygios
1646 598 1736 635 adeo
1766 604 1971 634 antrorsum

187 676 408 718 premuntur,
438 676 476 705 ut
506 681 700 705 nervorum
731 668 931 716 opticorum
961 667 1116 715 origines
1146 667 1236 702 inter
1265 673 1300 702 et
1328 665 1562 714 hypophysin
1592 665 1729 701 cerebri
1759 664 1880 701 sedem
1908 663 1971 699 ha-

187 736 308 779 beant,
338 748 589 784 summumque
617 734 791 783 particula
819 734 974 770 anterior
1003 740 1163 770 extrema
1191 731 1381 780 glandulae
1401 732 1601 780 pituitariae
1626 732 1717 768 inter
1735 731 1972 767 intumescen-

189 803 255 838 tias
285 803 482 838 insinuetur
497 799 534 847 ²¹).

323 867 499 916 Exposita
527 867 634 915 igitur
663 873 812 903 externa
840 865 959 901 indole
988 865 1143 913 partium
1173 865 1241 901 sub
1270 864 1363 901 lobis
1395 865 1532 913 opticis,
1561 865 1652 900 inter
1670 864 1777 900 finem
1796 863 1973 900 medullae

189 941 224 971 et
251 946 448 971 nervorum
478 934 678 982 opticoruin
708 933 865 969 chiasma
893 932 1103 981 positarum,
1132 931 1322 968 redeamus
1351 943 1497 968 necesse
1528 937 1582 968 est
1611 930 1657 966 ad
1684 930 1853 966 loborum
1882 930 1972 978 opti-

190 1013 314 1037 corum
343 1013 484 1044 cavum,
515 1013 560 1036 ex
591 1012 675 1049 quo,
704 1006 742 1036 ut
770 1011 881 1048 supra
903 998 1169 1042 adnotavimus,
1199 1004 1365 1047 apertura
1387 998 1433 1034 ad
1453 996 1717 1034 infundibulum
1738 996 1844 1039 ducit,
1874 995 1973 1045 quod

191 1067 334 1116 quidem
363 1068 500 1116 postice
529 1079 615 1103 mox
643 1067 678 1102 in
707 1078 852 1102 saccum
877 1065 1111 1102 vasculosum
1132 1064 1290 1113 amplum
1311 1077 1441 1101 cavum
1462 1063 1638 1106 dilatatur,
1668 1063 1724 1099 cui
1743 1062 1971 1111 hypophysis

190 1133 369 1171 adhaeret.
418 1135 515 1181 Quae
544 1133 700 1169 conditio
728 1139 768 1169 ut
797 1132 945 1169 evidens
975 1131 1156 1174 reddatur,
1187 1131 1397 1168 Carchariae
1424 1130 1541 1179 glauci
1559 1129 1793 1179 hypophysin
1814 1129 1972 1177 undique

190 1200 369 1237 diductam
413 1212 555 1236 sursum
590 1199 761 1236 reclinavi
780 1195 820 1245 3).
877 1199 967 1235 Ante
1006 1198 1130 1234 oculos
1167 1198 1308 1246 positus
1346 1204 1400 1234 est
1435 1209 1561 1233 saccus
1597 1207 1728 1239 cavus,
1770 1208 1835 1244 per
1871 1196 1971 1243 cujus

188 1267 435 1304 membranam
463 1267 588 1315 ingens
618 1278 792 1303 vasorum
821 1265 1108 1314 sanguiferorum
1138 1276 1307 1300 numerus
1338 1263 1562 1305 diffunditur,
1598 1262 1634 1298 id
1664 1262 1762 1311 quod
1791 1262 1897 1298 etiam
1926 1274 1972 1298 ex

190 1335 291 1370 icone
321 1334 571 1382 cognoscimus
599 1334 656 1377 (k).
711 1333 889 1369 Foramen
916 1346 943 1380 ys
972 1344 1115 1368 sursum
1145 1331 1190 1367 ad
1219 1331 1385 1367 loboruin
1416 1331 1616 1378 opticorum
1645 1329 1838 1365 cavitatem
1867 1328 1972 1364 ducit.

189 1402 235 1438 At
271 1413 342 1436 non
378 1399 486 1436 modo
520 1406 717 1435 retrorsum
746 1398 1010 1434 infundibulum
1039 1398 1085 1434 ad
1114 1398 1268 1446 spatium
1299 1409 1429 1433 cavum
1460 1396 1573 1439 ducit,
1610 1395 1674 1432 sed
1702 1407 1832 1432 versus
1860 1395 1972 1431 latera

192 1467 309 1509 etiam,
340 1468 431 1503 sicut
459 1466 627 1502 deorsum
658 1472 692 1502 et
721 1472 935 1502 antrorsum.
990 1465 1163 1501 Interiora
1191 1476 1317 1512 nempe
1346 1463 1513 1499 loboruni
1543 1462 1752 1498 inferiorum
1782 1462 1972 1498 cavitatem

192 1533 347 1581 amplam
384 1532 570 1576 exhibent,
608 1544 762 1581 quacum
797 1532 884 1568 illud
920 1531 1172 1568 commercium
1206 1529 1449 1566 immediatum
1486 1529 1604 1565 habet.
1660 1529 1799 1565 Haecce
1835 1528 1972 1564 cavitas

190 1600 328 1648 integra
357 1606 421 1642 est,
450 1611 519 1635 non
545 1605 647 1647 septo
670 1598 832 1641 discreta,
863 1598 962 1647 quod
982 1611 1000 1634 e
1022 1598 1139 1646 specie
1160 1603 1309 1633 externa
1329 1596 1431 1632 facilc
1453 1596 1627 1644 suspicari
1647 1596 1776 1644 possis,
1806 1601 1973 1636 attamen,

191 1666 222 1702 si
248 1665 417 1702 loliorum
444 1665 651 1702 inferiorum
680 1665 971 1702 intumescentiae
1000 1664 1114 1713 magis
1143 1664 1338 1700 fornicatae
1366 1669 1457 1705 sunt,
1485 1662 1668 1711 marsupia
1686 1661 1845 1698 lateralia
1866 1660 1974 1709 paulo

190 1732 425 1781 profundiora
453 1728 607 1777 hahet⁴).

324 1800 415 1835 Ante
450 1798 557 1834 lobos
591 1798 778 1835 inferiores
814 1798 978 1847 proxime
1011 1797 1118 1834 situm
1147 1803 1201 1833 est
1230 1796 1395 1833 Chiasma
1423 1807 1618 1832 nervorum
1649 1796 1864 1843 opticorum,
1900 1795 1972 1830 imo

191 1865 288 1914 apud
316 1865 507 1901 nonnullos
536 1865 653 1914 pisces
682 1871 756 1901 tam
785 1871 883 1901 arcte
913 1876 994 1900 cum
1022 1864 1064 1900 iis
1089 1865 1262 1912 junctum,
1292 1869 1332 1899 ut
1361 1861 1519 1898 nonnulli
1541 1861 1732 1898 anatomici
1752 1862 1843 1897 inter
1862 1860 1973 1896 fibras

190 1932 319 1969 horum
346 1932 514 1968 loborum
544 1938 578 1968 et
607 1932 708 1969 nervi
739 1932 846 1980 optici
875 1931 1126 1967 commercium
1156 1929 1372 1978 deprehendi
1395 1929 1645 1977 judicaverint.
1700 1928 1780 1976 Ipse
1810 1927 1866 1964 Cu
1877 1928 1975 1963 vier

191 2011 324 2035 nexum
350 1999 448 2035 illum
474 2005 548 2034 tam
575 1998 714 2046 largum
735 1998 965 2039 existimavit,
995 2004 1034 2033 ut
1053 1997 1146 2033 lobis
1166 1996 1394 2032 inferioribus
1416 2007 1543 2031 nomen
1575 1994 1761 2031 »Couches
1783 1994 1973 2042 optiques«

192 2065 375 2102 vindicare
419 2064 587 2101 studeret.
642 2063 816 2112 Equidem
853 2076 1038 2111 nunquam
1074 2062 1168 2098 aliud
1203 2062 1328 2098 harum
1366 2062 1519 2110 partium
1556 2060 1807 2096 commercium
1842 2060 1972 2101 inveni,

193 2144 302 2181 quain
332 2131 430 2179 quod
457 2131 528 2167 tela
558 2131 786 2177 conjunctiva
816 2130 975 2166 efficitur.
1031 2130 1119 2166 Pars
1150 2135 1268 2164 autem
1298 2128 1487 2171 fibrarum,
1518 2140 1610 2176 quae
1638 2127 1807 2162 loborum
1837 2126 1972 2174 optico-

191 2211 272 2235 rum
308 2198 462 2246 parietes
499 2197 715 2239 formarunt,
750 2196 904 2245 primum
941 2196 1124 2244 aliquanto
1162 2201 1365 2231 extrorsum
1402 2194 1518 2243 pergit
1552 2200 1587 2229 et
1622 2194 1787 2241 utrinque
1816 2194 1850 2228 in
1881 2193 1972 2228 duos

192 2264 382 2301 fasciculos
412 2264 592 2307 dividitur,
623 2276 775 2312 quorum
802 2262 891 2299 alter
911 2262 1080 2299 deorsum
1100 2267 1134 2298 et
1154 2268 1357 2298 antrorsum
1382 2261 1438 2305 (de
1459 2261 1526 2296 hoc
1546 2260 1653 2308 paulo
1674 2260 1766 2296 insra
1786 2259 1972 2303 disseram)

192 2331 315 2374 tendit,
344 2330 433 2367 alter
461 2343 548 2367 mox
576 2331 698 2367 sunem
725 2329 994 2366 teretiusculum
1014 2329 1157 2372 format,
1186 2341 1314 2365 verum
1333 2334 1486 2364 tractum
1507 2327 1673 2375 opticum‚
1703 2326 1774 2375 qui,
1804 2325 1972 2362 deorsum

194 2404 229 2434 et
256 2398 451 2434 introrsum
481 2397 684 2441 decurrens,
714 2410 794 2433 cuin
823 2396 951 2433 eodem
980 2395 1123 2432 alterius
1149 2395 1270 2431 lateris
1294 2395 1386 2431 circa
1406 2393 1559 2430 mediam
1578 2399 1716 2441 partem
1737 2392 1974 2434 consociatur,

337 2536 357 2579 ¹)
388 2539 464 2570 Tab.
490 2539 534 2570 ΙΙΙ.
575 2539 623 2581 fig.
651 2538 670 2569 2
695 2539 724 2569 Ιι.

335 2591 357 2632 ²)
391 2592 468 2623 Tab.
493 2592 537 2623 111.
578 2592 627 2634 fig.
654 2591 673 2623 2
699 2597 727 2622 et
750 2591 800 2633 fig.
826 2590 845 2622 5
871 2593 891 2627 ἰ,
917 2591 947 2621 ll.

335 2642 357 2684 ³)
389 2645 465 2676 Tab.
490 2645 534 2676 Ill.
575 2645 623 2688 fig.
651 2643 670 2676 6
695 2645 724 2675 11.

334 2696 357 2737 ⁴)
389 2698 592 2741 Comparatio,
620 2709 707 2740 quam
731 2697 866 2728 nonnulli
891 2697 967 2727 inter
991 2696 1046 2727 hos
1071 2695 1159 2726 lobos
1183 2702 1211 2726 et
1234 2705 1361 2736 corpora
1379 2693 1580 2724 mammillaria
1597 2692 1750 2722 hominum
1768 2692 1972 2727 instituerunt,

196 2751 279 2794 quod
304 2751 440 2794 equidem
464 2751 563 2788 video,
588 2752 707 2781 nonnisi
732 2750 923 2781 similitudine
948 2755 1072 2780 externa
1095 2749 1208 2790 figurae
1233 2747 1376 2791 globosae
1401 2748 1514 2777 nititur.
1563 2745 1659 2787 Magis
1684 2745 1776 2786 igitur
1800 2743 1894 2776 Caro
1920 2743 1975 2774 ad-

196 2805 333 2847 stipulor,
359 2806 410 2847 qui
435 2815 486 2835 eos
511 2804 571 2835 duo
596 2804 714 2847 ganglia
738 2803 899 2846 singularia
924 2802 1119 2839 infundibuli,
1144 2801 1277 2844 piscibus
1302 2801 1439 2843 propria,
1467 2810 1528 2830 esse
1554 2804 1654 2830 censet
1678 2796 1757 2837 (vid.
1782 2795 1895 2840 supra).
