2166 3084
1079 147 1134 186 12

213 279 251 315 In
286 277 410 314 litteris
445 276 712 313 Fracassati
748 274 818 311 »de
856 275 1029 311 cerebro«
1069 275 1260 324 descriptio
1296 284 1350 313 est
1387 278 1524 314 cerebri
1561 277 1707 326 Cyprini
1736 277 1888 320 Tincae,
1927 288 1999 325 qua

210 345 285 391 jam
319 342 610 391 protuberantias
644 342 679 378 in
716 353 808 379 cavo
844 341 919 377 lobi
956 342 1063 390 optici
1100 349 1373 386 commemorat,
1410 343 1624 380 cerebellum
1652 356 1742 380 vero
1780 343 1997 391 glandulam,

214 409 320 445 lobos
349 409 569 457 posteriores
604 408 808 453 (Cuvier)
838 407 1053 444 cerebellum
1082 420 1162 445 esse
1192 416 1328 453 censet;
1365 410 1488 446 scribit
1516 411 1625 447 enim:
1663 409 1843 446 »medulla
1872 409 1998 445 oblon-

214 482 315 524 gata,
358 475 516 511 innixam
560 481 765 511 sustentans
807 474 955 518 molem,
999 474 1181 524 quandam
1215 475 1328 512 veluti
1370 475 1594 524 glandulam,
1636 483 1748 513 totam
1785 476 1998 518 corticalem,

212 541 357 578 tandem
400 542 434 577 in
477 540 691 577 cerebellum
734 541 934 585 facessens,
978 541 1024 578 ad
1066 542 1205 590 spinam
1246 543 1411 579 excurrit.
1476 543 1698 580 Cerebellum
1733 549 1872 591 partem
1906 542 1998 578 hanc

212 615 433 657 postremam
454 619 567 650 voco,
597 620 680 643 nam
708 607 794 643 nihil
822 607 918 644 aliud
947 620 1027 644 esse
1055 615 1143 657 puto
1171 615 1374 657 postremas
1398 609 1487 645 duas
1511 610 1801 658 protuberantias
1820 608 1997 651 laterales,

214 687 307 723 quae
336 674 491 711 mediam
519 673 625 709 aliam
654 674 858 710 corticalem
886 674 1062 711 foramine
1090 675 1254 723 perviam
1283 676 1317 711 in
1347 675 1528 712 alveolum
1558 677 1677 724 quarti
1705 676 1883 712 aemulum
1909 687 1997 711 veu-

212 740 327 777 triculi
357 740 652 789 complectuntur,
681 740 749 776 nisi
778 740 1027 777 cerebellum«
1086 742 1152 789 Qui
1181 742 1368 778 cerebrum
1398 742 1530 779 Tincae
1560 743 1678 785 novit,
1707 742 1774 778 hac
1801 743 1836 778 111
1866 741 1998 779 descri-

211 808 333 856 ptione
361 813 501 856 partem
530 807 752 855 superiorem
780 806 957 843 medullae
987 807 1204 856 oblongatae
1233 815 1374 856 promte
1404 815 1608 857 cognoscet.

349 873 521 910 Collins
541 869 570 918 1>
606 873 641 908 111
670 873 860 909 Anatomia
897 874 1085 910 cerebrum
1113 874 1306 911 multorum
1334 875 1485 923 piscium
1515 882 1549 911 et
1580 874 1996 924 Chondropterygiorum

213 948 247 977 et
272 939 571 978 Ostacanthorum
602 938 789 988 descripsit
818 946 853 976 et
882 940 1084 978 delineavit.
1126 940 1273 977 leonum
1302 941 1392 978 aliae
1421 948 1610 978 accuratae
1633 948 1715 978 suut
1732 939 1763 987 2)
1792 941 1996 990 multasque

212 1007 454 1056 posteriorum
498 1012 686 1054 superant,
730 1006 820 1042 aliae
863 1007 1007 1043 omnino
1050 1019 1255 1056 perversae.
1316 1008 1353 1044 In
1391 1007 1628 1057 descriptione
1665 1020 1754 1045 vero
1790 1007 1837 1044 nil
1872 1020 1997 1044 eorum

211 1074 332 1116 novit,
371 1085 464 1121 quae
491 1073 692 1109 Anatomici
728 1079 834 1109 antea
871 1072 1087 1117 docuerunt,
1122 1075 1199 1122 ipse
1227 1086 1317 1111 vero
1354 1074 1402 1110 nil
1439 1076 1638 1118 constituit,
1676 1075 1807 1123 quibus
1838 1074 1996 1123 singulas

215 1140 351 1176 cerebri
386 1146 508 1188 partes
545 1139 777 1187 significaret,
814 1139 877 1176 sed
906 1140 1191 1189 unumquodque
1221 1141 1407 1178 cerebrum
1438 1141 1593 1178 dissecat
1625 1141 1865 1190 describitque
1895 1153 1998 1189 sepa-

210 1206 332 1249 ratim,
362 1212 480 1242 cetera
510 1206 628 1241 omnia
657 1205 858 1254 negligens,
888 1213 996 1256 atque
1020 1207 1167 1255 singulis
1191 1208 1353 1256 partibus
1377 1221 1423 1244 ex
1445 1208 1592 1244 arbitrio
1616 1208 1760 1244 nomina
1780 1208 1996 1257 impertiens,

211 1279 320 1321 prout
348 1272 464 1308 forma
494 1278 528 1308 et
557 1272 674 1320 specie
704 1274 877 1321 majorem
905 1274 1128 1311 minoremve
1159 1274 1422 1311 similitudinem
1452 1287 1532 1311 cum
1560 1281 1662 1323 parte
1693 1275 1830 1311 cerebri
1851 1274 1997 1310 humani

212 1339 396 1387 praebent.
453 1339 567 1386 Quam
597 1339 644 1374 ob
674 1351 749 1376 rem
779 1351 887 1388 saepe
916 1341 1052 1383 evenit,
1081 1347 1120 1377 ut
1148 1340 1254 1377 Iobus
1284 1341 1377 1377 idem
1407 1341 1559 1378 diversis
1589 1342 1623 1377 in
1652 1341 1811 1390 piscibus
1842 1340 1995 1377 diversis

214 1411 357 1442 notetur
384 1405 598 1441 nominibus.

350 1472 514 1508 Ceterum
554 1471 756 1519 meningem
791 1472 918 1508 duram
954 1479 988 1509 et
1022 1473 1134 1521 piam,
1179 1474 1418 1510 substantiam
1453 1473 1685 1510 medullarem
1722 1481 1756 1510 et
1793 1473 1995 1510 corticalem

215 1539 390 1575 discernit.
436 1538 559 1574 Lobos
590 1550 828 1586 »processes«
857 1551 991 1576 vocare
1022 1540 1129 1584 solet,
1159 1552 1313 1589 quormn
1342 1553 1635 1589 unumquemque
1659 1541 1847 1577 cerebrum
1872 1540 1993 1577 distin-

216 1612 310 1641 ctum
342 1606 376 1649 (a
405 1604 548 1641 distinct
575 1605 692 1650 braiu)
723 1617 803 1642 esse
833 1606 1023 1642 contendit.
1081 1608 1238 1654 Quarum
1268 1607 1459 1644 multarum
1488 1608 1643 1656 partium
1672 1607 1859 1644 utilitatem
1888 1608 1923 1643 in
1953 1619 1996 1643 ea

213 1672 441 1720 potissimum
474 1684 513 1707 re
548 1672 664 1719 ponit,
701 1671 816 1720 quod,
852 1673 882 1708 si
917 1672 1077 1721 singulae
1113 1673 1324 1710 vulneratae
1353 1674 1413 1710 vel
1450 1686 1678 1722 compressae
1715 1675 1800 1717 sint,
1836 1673 1995 1721 reliquae

213 1738 386 1775 functioni
414 1749 583 1787 praeesse
611 1745 772 1786 pergant.
816 1738 1191 1788 Chondropterygium
1220 1741 1391 1789 primum,
1421 1753 1529 1789 quem
1559 1741 1686 1784 secuit,
1717 1741 1821 1777 Canis
1844 1739 1995 1777 Carcha-

213 1805 285 1841 rias
315 1811 369 1841 est
399 1804 610 1852 (dog-fish),
640 1804 737 1853 apud
766 1817 873 1854 quem
902 1812 1045 1854 praeter
1073 1819 1207 1843 nervos
1238 1807 1376 1856 opticos
1406 1813 1441 1843 et
1470 1807 1677 1843 olfactorios
1701 1806 1748 1842 nil
1774 1806 1995 1843 observavit.

213 1871 492 1908 Accuratissima
527 1877 582 1908 est
616 1871 808 1920 descriptio
845 1878 881 1908 et
916 1872 1104 1909 delineatio
1135 1873 1260 1922 Squali
1297 1873 1403 1916 alius,
1441 1886 1548 1921 quem
1576 1873 1633 1910 ille
1668 1873 1815 1910 Galeum
1842 1873 1994 1916 laevem,

214 1949 281 1973 nos
314 1937 509 1974 Mustelum
543 1937 733 1986 vulgarem
767 1950 954 1975 vocamus.
1017 1940 1086 1975 Pro
1131 1939 1308 1977 cerebello
1351 1939 1461 1976 habet
1502 1952 1582 1976 cum
1618 1940 1832 1976 cerebellum
1866 1940 1994 1988 ipsum,

214 2010 290 2039 tum
318 2010 439 2051 partes
470 2004 673 2052 superiores
702 2004 878 2041 medullae
909 2005 1136 2053 oblongatae.
1183 2007 1239 2042 Ex
1269 2006 1495 2042 similitudine
1523 2013 1662 2042 tantum
1690 2006 1874 2042 levissima
1900 2005 1994 2041 lobis

216 2070 342 2118 opticis
385 2081 580 2118 processus
624 2070 831 2106 natiformes
868 2083 1077 2119 comparare
1112 2071 1272 2114 videtur,
1317 2071 1379 2107 sed
1414 2072 1480 2108 vix
1516 2073 1706 2120 quisquam
1744 2072 1994 2120 suspicabitur,

216 2136 302 2185 quid
331 2136 392 2179 sit,
422 2135 521 2184 quod
549 2136 839 2184 protuberantias
868 2149 1063 2174 nervorum
1088 2137 1355 2174 olfactoriorum
1377 2137 1554 2174 thalamos
1576 2151 1772 2175 nervorum
1795 2138 1994 2186 opticorum

215 2215 295 2240 esse
323 2202 486 2239 affirmet.

351 2269 472 2306 Tertio
515 2269 550 2304 in
587 2281 717 2317 genere
753 2269 1026 2317 Squalidarum,
1070 2270 1246 2318 Squatina
1279 2271 1416 2319 Angelo
1453 2271 1736 2319 (Kingston),
1780 2270 1993 2307 cerebellum

213 2347 407 2384 processus
435 2335 686 2372 mammillares
714 2342 996 2384 repraesentare,
1025 2336 1142 2372 tradit.
1185 2337 1241 2373 Ex
1269 2337 1366 2385 Rajis
1396 2338 1508 2373 secuit
1536 2338 1661 2385 Rajam
1688 2337 1787 2373 batin
1817 2336 1993 2381 (Skate)

215 2409 249 2438 et
276 2402 403 2450 Rajam
432 2401 610 2438 clavatam
639 2402 958 2447 (Thornback).
1016 2402 1200 2439 Cerebella
1228 2415 1317 2439 vero
1347 2415 1469 2439 earum
1498 2404 1587 2439 rima
1614 2403 1794 2451 profunda
1823 2403 1994 2439 distracta

215 2474 333 2511 erant,
363 2468 412 2504 ita
440 2474 480 2504 ut
507 2469 745 2516 posteriorem
776 2468 890 2505 solum
919 2475 1059 2517 partem
1086 2481 1153 2518 pro
1184 2469 1360 2506 cerebello
1388 2469 1554 2513 haberet,
1584 2470 1797 2505 anteriorem
1818 2481 1884 2518 pro
1905 2469 1992 2505 lobo

213 2534 393 2582 peculiari.
459 2535 620 2583 Corpora
655 2535 872 2572 restiformia
908 2535 1102 2583 (irregular
1136 2535 1304 2584 shapes),
1348 2548 1440 2584 quae
1476 2536 1592 2572 forma
1627 2536 1876 2572 intestinorum
1912 2547 1992 2571 esse

215 2600 315 2643 dicit,
345 2613 425 2637 cum
454 2602 554 2650 gyris
584 2602 720 2638 cerebri
747 2601 892 2638 humani
922 2602 1156 2650 comparavit.

359 2701 379 2742 ¹)
412 2703 439 2734 A
464 2702 601 2745 Systeme
634 2702 668 2734 of
687 2702 856 2745 Anatomy‚
888 2704 1018 2746 treating
1049 2703 1084 2734 of
1109 2703 1158 2734 the
1182 2702 1266 2746 body
1297 2702 1332 2733 of
1356 2703 1442 2740 Man,
1474 2701 1595 2740 Beasts,
1626 2701 1730 2739 Birds,
1761 2702 1849 2738 Fish‚
1880 2702 1991 2733 Insects

216 2755 274 2786 and
297 2755 400 2787 Plants
425 2756 592 2788 illustrated
617 2762 671 2787 etc.
696 2756 786 2787 With
809 2755 1030 2799 seventy-four
1052 2755 1124 2787 solio
1151 2755 1272 2798 Copper
1295 2756 1409 2793 plantes,
1442 2755 1485 2798 by
1509 2755 1629 2787 Samuel
1654 2755 1766 2787 Collins
1794 2753 1888 2786 1685.

355 2806 377 2848 ²)
408 2808 447 2840 Ut
470 2810 499 2839 in
525 2809 647 2840 cerebro
672 2809 806 2852 Triglae‚
834 2810 918 2851 cujus
939 2810 1001 2851 jam
1025 2809 1156 2841 nodosas
1180 2810 1418 2840 intumescentias
1444 2810 1473 2839 in
1497 2808 1625 2840 medulla
1647 2809 1741 2839 novit.
