2166 3084
1043 119 1100 159 40

176 261 266 286 mus.
308 247 542 296 Holocephali
569 247 604 283 in
633 247 844 283 universum
870 259 891 283 a
919 247 1062 296 Squalis
1089 246 1266 284 soliditate
1292 247 1367 283 lobi
1393 247 1603 290 communis,
1633 259 1654 283 a
1679 248 1776 296 Rajis
1804 250 1959 286 cavitate

175 315 342 351 loborum
377 313 585 349 inferiorum
614 319 648 349 et
677 312 832 361 globulis
862 314 1147 362 margaritaceis,
1182 314 1301 350 tuberi
1330 314 1428 350 sinus
1458 313 1686 350 rhomboidei
1713 314 1959 358 insidentibus,

177 382 419 428 sejunguntur.

692 494 1060 530 Ganoideorum
1091 496 1446 538 Bucephalum.

310 578 557 626 Aecipenseris
587 577 820 626 encephalum
842 578 918 625 jam
941 577 1157 614 Stannius
1187 577 1430 621 (Mueller’s
1458 578 1592 616 Archiv
1616 580 1730 624 1843)
1762 579 1958 627 descripsit,

176 652 213 681 at
243 657 355 694 quum
382 656 484 680 meae
514 644 789 681 observationes
818 643 943 691 paucis
968 642 1185 691 quibusdam
1206 643 1316 679 rebus
1340 644 1386 680 ab
1407 644 1499 681 illius
1525 644 1761 693 descriptione
1784 645 1958 688 differant,

177 723 287 760 quam
320 710 587 747 accuratissime
617 721 678 746 eas
706 715 869 758 repetere
897 708 1011 745 liceat.
1066 709 1104 745 In
1133 709 1224 745 facie
1254 711 1437 758 superiore
1457 708 1480 756 ι)
1511 711 1558 746 ob
1588 711 1712 747 oculos
1736 711 1868 748 cadunt
1887 724 1959 748 me-

176 776 273 813 dulla
302 776 498 825 oblongata
528 776 601 822 (f),
632 775 847 812 cerebellum
876 775 949 819 (cl),
978 774 1054 810 lobi
1083 775 1191 823 optici
1220 775 1282 820 (e),
1313 787 1417 811 crura
1446 777 1585 813 cerebri
1613 778 1678 822 (b),
1706 789 1772 825 par
1792 777 1960 814 loborum

176 842 257 878 huic
286 842 514 878 insidentium
544 842 605 891 (9),
635 848 717 878 ante
745 840 812 876 hos
842 840 996 889 denique
1020 840 1111 876 duae
1133 841 1425 878 intumescentiae
1447 855 1583 891 parvae
1605 843 1640 879 in
1663 843 1742 891 ipso
1764 855 1961 880 nervorum

176 909 444 945 olfactoriorum
473 908 608 956 origine
629 908 704 955 (p).
743 907 901 943 Primum
928 906 1120 943 medullam
1147 907 1379 956 oblongatam
1401 920 1483 944 cum
1502 908 1702 945 ventriculo
1725 916 1854 958 quarto
1877 922 1960 946 con-

176 975 391 1018 sideremus,
421 975 520 1023 cujus
551 974 826 1022 descriptionem
855 973 1121 1009 exactissimam
1148 980 1183 1010 et
1203 974 1342 1010 iconem
1364 975 1472 1011 Stan
1484 975 1584 1011 nius
1617 975 1735 1011 edidit.
1777 975 1962 1013 Elementa

177 1041 302 1078 eadem
332 1047 429 1084 sunt,
466 1053 559 1089 quae
589 1040 686 1089 apud
715 1039 889 1088 Squalos,
919 1039 1028 1075 modo
1060 1040 1179 1088 quarti
1206 1040 1394 1077 ventriculi
1422 1041 1539 1077 forma
1567 1042 1645 1077 miri
1673 1041 1808 1090 aliquid
1835 1042 1960 1079 habet:

177 1114 232 1144 est
268 1108 361 1144 enim
390 1107 611 1143 ventriculus
647 1105 843 1142 admodum
878 1105 1065 1154 elongatus
1103 1112 1137 1142 et
1173 1118 1343 1155 superne,
1380 1108 1410 1143 si
1443 1107 1489 1143 ab
1519 1108 1777 1145 arachnoideae
1806 1109 1961 1156 tegmine

178 1174 402 1217 discesseris,
431 1180 594 1221 apertus,
625 1185 667 1209 eo
695 1172 770 1209 sere
798 1172 925 1216 modo,
955 1184 1027 1221 quo
1057 1172 1153 1221 apud
1183 1174 1381 1222 Scymnum
1409 1173 1559 1210 lichiam.
1607 1175 1769 1223 Corpora
1796 1175 1961 1210 nimirum

176 1239 392 1277 restisormia
434 1239 526 1275 duae
569 1245 652 1275 sunt
692 1239 985 1275 intumescentiae
1027 1246 1202 1289 angustae
1244 1246 1278 1276 et
1321 1240 1516 1289 oblongae,
1559 1241 1673 1289 magis
1711 1242 1745 1277 in
1784 1241 1962 1277 exteriore

178 1319 287 1355 quam
322 1306 506 1354 superiore
542 1305 652 1342 latere
688 1306 827 1353 positae
846 1302 886 1351 ²).
941 1306 1083 1354 Angulo
1120 1306 1207 1342 satis
1242 1312 1348 1342 acuto
1386 1319 1431 1343 ex
1467 1307 1624 1344 medulla
1659 1306 1786 1356 spinali
1820 1307 1960 1355 profici-

178 1379 344 1416 scuntur,
381 1379 418 1408 at
445 1373 479 1408 in
510 1371 668 1408 secundo
700 1383 825 1407 cursus
856 1371 1019 1415 dimidio,
1054 1372 1163 1420 paulo
1193 1379 1273 1408 ante
1303 1384 1411 1420 quam
1441 1373 1686 1416 reflectuntur,
1722 1380 1761 1409 ut
1790 1373 1837 1409 ad
1866 1386 1961 1409 cere-

179 1439 313 1475 bellum
341 1437 570 1474 formandum
600 1444 743 1481 coeant,
774 1438 808 1473 in
838 1438 1022 1486 superiore
1050 1445 1152 1487 parte
1174 1439 1481 1475 intumescentiam
1504 1440 1558 1485 (ζ)
1582 1440 1752 1483 offerunt,
1783 1452 1803 1476 a
1823 1439 1961 1488 reliqua

180 1517 302 1541 massa
335 1504 522 1540 medullari
551 1503 651 1540 sulco
681 1503 753 1540 levi
782 1504 995 1551 sejunctam,
1031 1517 1077 1540 ex
1106 1517 1179 1553 qua
1206 1506 1386 1553 posterior
1413 1506 1516 1542 nervi
1543 1506 1720 1554 trigemini
1747 1505 1852 1542 radix
1878 1518 1962 1554 pro-

180 1571 281 1607 cedit.
325 1570 380 1607 Ad
408 1570 586 1606 internum
615 1569 709 1605 latus
740 1571 897 1618 supremi
925 1571 1065 1606 termini
1088 1571 1275 1608 ventriculi
1304 1584 1430 1608 rursus
1459 1571 1655 1608 funiculum
1678 1571 1861 1615 videmus,
1890 1573 1962 1621 qui,

178 1637 313 1686 pariter
349 1649 370 1672 a
404 1636 550 1672 funibus
585 1636 762 1672 medullae
799 1636 944 1684 spinalis
983 1638 1230 1685 superioribus
1267 1638 1458 1682 oriundus,
1500 1645 1704 1675 antrorsum
1738 1639 1961 1675 acuminatus

178 1704 214 1738 in
249 1714 407 1738 massam
442 1702 675 1738 medullarem
710 1702 926 1739 ambientem
963 1700 1094 1748 abit3).
1149 1703 1244 1740 Idem
1281 1704 1378 1752 apud
1407 1705 1563 1753 Squalos
1596 1711 1631 1741 et
1664 1704 1885 1749 Chimaeras,
1922 1711 1962 1742 ut

180 1780 289 1816 supra
319 1768 508 1812 adnotavi,
538 1769 734 1805 eminentiis
757 1770 1024 1817 margaritaceis
1049 1776 1213 1813 ornatus,
1244 1770 1341 1818 apud
1360 1771 1468 1819 RaJas
1492 1771 1606 1809 laeVis
1630 1771 1819 1808 invenitur.
1855 1770 1961 1819 Apud

178 1834 271 1870 hunc
305 1835 440 1883 piscem
475 1841 624 1871 externa
660 1835 734 1882 ejus
771 1836 908 1883 species
941 1836 1033 1872 inter
1062 1847 1141 1872 cam
1168 1836 1319 1884 piscium
1349 1843 1430 1873 ante
1460 1837 1635 1873 dictorum
1664 1837 1820 1873 medium
1848 1844 1960 1874 tenet:

180 1913 245 1937 nec
275 1901 425 1949 amplius
454 1900 567 1938 laeviS
598 1907 669 1946 est,
702 1913 768 1937 nec
798 1901 952 1950 globulis
981 1902 1141 1950 insignis,
1171 1902 1235 1938 sed
1264 1903 1372 1939 modo
1402 1909 1591 1939 externum
1618 1903 1711 1940 latus
1741 1903 1961 1952 plurifariam

181 1967 364 2004 dentatum
393 1973 558 2015 apparet,
589 1968 639 2003 ita
668 1968 828 2016 quidem,
858 1974 897 2004 ut
926 1980 1053 2004 crenae
1083 1968 1293 2017 adspectum
1323 1969 1521 2017 elegantem
1549 1970 1729 2006 undosum
1758 1969 1959 2006 exhibeant.

178 2033 234 2070 Ad
267 2033 362 2069 latus
398 2033 501 2080 hujus
537 2033 684 2069 funiculi
719 2034 896 2070 internum
931 2046 1052 2070 massa
1087 2034 1292 2071 medullaris
1328 2035 1435 2083 plana
1472 2042 1608 2078 exstat,
1644 2035 1689 2072 ad
1719 2048 1827 2084 quam
1856 2036 1958 2072 funes

180 2098 456 2147 longitudinales
485 2095 636 2144 recti⁴)‚
665 2100 914 2147 pyramidibus
945 2100 1184 2136 anterioribus
1214 2101 1435 2149 assignandi,
1464 2102 1497 2137 in
1527 2101 1619 2138 linea
1647 2101 1812 2138 mediana
1836 2101 1959 2138 decur-

179 2172 316 2209 rentes,
354 2165 474 2201 varias
510 2164 620 2201 fibras
656 2171 780 2202 tenues
818 2166 1015 2202 demittunt.
1070 2167 1151 2203 Non
1189 2166 1305 2202 solum
1341 2173 1459 2203 autem
1496 2168 1608 2204 fibrae
1642 2168 1730 2204 istae
1758 2174 1883 2204 tenues
1912 2169 1958 2204 ab

181 2232 311 2268 intimis
346 2230 511 2267 funiculis
540 2231 858 2279 longitudinalibus
887 2232 1171 2281 proficiscuntur,
1208 2233 1272 2269 sed
1301 2234 1407 2269 etiam
1436 2235 1469 2269 in
1500 2234 1625 2270 triente
1655 2235 1831 2270 anteriore
1861 2235 1958 2270 sinus

180 2297 405 2334 rhomboidei
434 2298 600 2345 utrinque
628 2298 819 2334 fasciculus
847 2298 1052 2335 medullaris
1081 2298 1202 2343 albus,
1233 2299 1411 2336 dimidiam
1440 2300 1514 2336 fere
1536 2300 1663 2336 lineam
1687 2300 1797 2342 latus,
1827 2300 1958 2348 angulo

181 2371 279 2400 recto
319 2364 460 2400 secedit.
518 2364 621 2412 Quod
657 2364 702 2400 ad
733 2364 946 2401 cerebellum
976 2366 1118 2408 attinet,
1155 2365 1255 2401 multi
1285 2367 1474 2402 anatomici
1502 2365 1569 2402 hoc
1599 2366 1826 2403 Sturionibus
1856 2366 1958 2403 dero-

181 2436 327 2478 garunt,
363 2430 512 2467 limbum
546 2437 794 2467 transversum
831 2431 1025 2480 simplicem
1053 2431 1162 2468 modo
1193 2431 1320 2468 adesse
1350 2432 1620 2474 contendentes,
1658 2433 1718 2480 qui
1747 2433 1958 2480 corporibus

181 2496 445 2533 restisormibus
481 2497 607 2533 melius
643 2496 905 2534 adnumeretur.
961 2498 1094 2534 Partim
1122 2510 1211 2535 vero
1247 2498 1377 2534 limbus
1413 2498 1469 2535 ille
1505 2505 1734 2535 transversus
1769 2511 1839 2535 non
1868 2499 1958 2535 adeo

325 2607 344 2649 ¹)
376 2610 453 2641 Tab.
478 2610 498 2641 Ι.
539 2610 588 2652 fig.
615 2611 644 2641 7.

324 2660 346 2702 2)
376 2663 453 2694 Tab.
477 2664 498 2694 I.
538 2664 588 2706 fig.

323 2712 346 2754 ³)
377 2716 453 2746 Tab.
479 2717 498 2747 I.
540 2717 589 2759 fig.

325 2767 347 2807 ⁴)
378 2769 455 2800 Tan.
480 2769 500 2799 1.
541 2770 589 2812 fig.

615 2663 633 2799 *lq-xl

659 2675 681 2806 samQ
