2166 3084
1050 127 1103 167 ll

183 251 297 294 secui,
347 252 547 289 accuratius
589 255 851 303 pervestigent,
892 255 1053 292 breviter
1095 262 1284 293 auctorum
1323 257 1540 293 mentionem
1581 258 1700 295 facere
1742 258 1863 303 liceat,
1907 261 1968 308 qui

183 317 379 354 eorundem
409 318 452 355 de
480 319 649 368 piscium,
680 321 723 357 de
753 321 885 370 quibus
916 333 1000 370 ego,
1031 322 1250 370 scripserunt
1279 323 1447 367 cerebro,
1477 336 1539 360 eos
1569 337 1676 368 vero,
1707 326 1769 374 qui
1798 325 1840 362 de
1865 326 1966 363 Osta-

184 384 320 421 canthis
351 393 614 434 exposuerunt,
643 394 705 423 aut
735 388 913 432 omittam,
943 394 1005 424 aut
1033 389 1174 425 nomine
1204 395 1342 425 tantum
1371 390 1528 426 afferam.

318 452 489 496 Primam,
520 465 628 501 quam
658 453 824 502 equidem
852 454 945 498 vidi,
975 454 1247 492 delineationem
1277 456 1415 492 cerebri
1442 457 1551 505 piscis
1580 457 1615 493 in
1645 457 1846 495 Casserii
1882 470 1966 507 ope-

182 519 283 554 ribus
296 515 318 564 ¹)
348 518 470 555 inveni
497 530 578 567 pag.
605 521 654 555 94
686 526 720 556 et
750 522 810 556 95.
853 521 917 557 Ε31
946 521 1103 557 Ε30013
1132 522 1273 566 Lucii,
1304 522 1368 559 sed
1396 535 1512 572 neque
1542 530 1626 572 apta
1648 535 1764 572 neque
1788 531 1965 567 accurata,

183 585 313 621 etenim
341 597 407 633 per
436 586 662 622 occasionem
692 587 841 623 offertur
870 599 912 624 00
942 587 1040 631 1000,
1070 599 1142 636 quo
1173 587 1216 624 de
1246 600 1383 637 organo
1413 589 1555 626 auditus
1585 596 1712 626 auctor
1740 591 1823 639 agit.

317 650 511 700 Aliquanto
556 653 756 689 accuratius
800 653 1001 702 diligentius
1044 654 1118 703 agit
1158 654 1282 691 Danus
1326 655 1383 692 ille
1419 657 1650 693 Anatomicus
1694 656 1964 701 illustrissimus,

182 718 397 755 Stenonis
441 718 484 755 de
521 719 811 756 Carcharodonte
846 721 880 757 in
910 721 1150 770 disputatione
1188 721 1232 758 de
1268 721 1363 759 Cane
1400 720 1655 769 Carcliaria²)‚
1698 736 1806 773 quam
1840 736 1965 760 recens

182 796 354 820 excusam
383 785 504 821 inveni
533 786 566 821 in
596 786 737 823 Blasii
764 787 940 824 Anatome
957 785 1005 833 3);
1048 788 1085 824 111
1116 788 1240 825 Orbita
1268 795 1411 837 practer
1440 802 1505 826 3οΧ
1532 790 1611 827 11103
1641 790 1842 834 musculos,
1873 803 1965 839 quos

180 857 277 887 recte
320 851 525 900 descripsit,
570 852 769 901 cylindrum
814 854 1074 891 demonstravit
1113 854 1397 903 cartilagiueum,
1442 857 1503 905 qui
1537 856 1641 893 fulcri
1675 858 1788 894 instar
1824 857 1964 893 oculum

183 918 343 954 sustinet.
402 917 540 967 Optime
575 926 763 968 praeterea
801 920 919 963 callet,
956 933 1150 958 nervorum
1187 922 1387 970 opticorum
1416 922 1604 959 decursum
1635 935 1803 972 separare
1833 930 1867 961 et
1896 924 1965 960 dis—

176 984 327 1032 jungere
358 984 713 1035 Chondroptcrygios
743 987 790 1023 ab
821 987 1057 1030 Ostacanthis,
1086 1000 1169 1023 nam
1196 987 1251 1024 his
1281 988 1355 1025 sere
1383 989 1506 1025 verbis
1536 990 1662 1026 utitur:
1701 991 1829 1026 »nervi
1858 991 1965 1039 optici

181 1062 253 1086 non
290 1057 330 1086 ut
365 1051 400 1087 in
438 1051 514 1088 aliis
552 1053 711 1101 piscibus
749 1053 795 1089 ab
831 1054 983 1091 invicem
1013 1054 1170 1102 separati
1198 1055 1232 1090 in
1263 1055 1449 1103 oppositas
1478 1062 1599 1104 partes
1627 1056 1853 1100 serebantur,
1890 1057 1964 1100 sed,

180 1123 224 1153 uc
257 1120 296 1153 in
332 1118 477 1155 homine
508 1120 588 1156 loeo
617 1127 813 1157 conductus
842 1124 1056 1157 arctissime
1084 1122 1371 1158 cohaerebant«
1426 1122 1479 1159 De
1510 1122 1658 1159 cerebro
1687 1124 1766 1172 ipso
1796 1123 1844 1159 nil
1868 1123 1963 1160 aliud

183 1191 456 1229 commemorat,
495 1198 603 1234 quam
639 1187 806 1235 exiguam
835 1187 1115 1235 magnitudinem
1151 1188 1182 1224 31
1215 1189 1387 1237 respicias
1422 1189 1635 1226 immensam
1665 1190 1790 1239 Squali
1823 1190 1962 1227 molem.

182 1249 397 1294 Delineatio,
428 1264 535 1300 quam
567 1252 732 1300 equidem
762 1265 876 1302 aeque
907 1266 948 1290 ac
978 1261 1204 1302 sequentem,
1234 1267 1280 1291 ex
1313 1255 1454 1291 Blasii
1490 1268 1598 1304 opere
1628 1257 1732 1300 novi,
1761 1256 1870 1294 sutilis
1900 1263 1963 1294 est.

317 1317 428 1354 Piscis
459 1315 697 1364 secundus⁴),
728 1319 771 1356 de
801 1332 873 1368 quo
904 1321 993 1368 agit,
1022 1320 1107 1356 mihi
1137 1320 1298 1369 quidem,
1329 1334 1439 1370 quum
1469 1334 1513 1358 ex
1544 1323 1681 1359 cerebri
1702 1323 1804 1360 icone
1825 1330 1962 1360 tantum

175 1382 336 1430 judicare
366 1385 520 1432 possim,
551 1386 730 1434 Scymnus
760 1385 863 1422 lichia
894 1399 972 1423 csse
1001 1386 1154 1423 videtur.
1211 1388 1332 1424 Lobos
1362 1388 1519 1436 opticos,
1553 1389 1618 1432 ait,
1648 1401 1727 1425 esse
1757 1390 1855 1426 »duo
1886 1403 1963 1427 cor-

180 1461 288 1497 pora,
325 1451 447 1487 nervis
487 1452 612 1500 opticis
651 1452 874 1496 continuata,
913 1454 1059 1490 interius
1096 1466 1207 1498 cava,
1245 1461 1284 1491 ut
1319 1455 1354 1490 in
1390 1455 1511 1491 avium
1550 1455 1698 1492 cerebro
1736 1457 1962 1506 conspicitur,

181 1527 274 1564 quae
319 1517 493 1554 cavitates
532 1531 612 1554 cum
649 1526 777 1567 quarto
815 1520 1015 1557 ventriculo
1053 1520 1389 1557 continuabantur.«
1452 1521 1561 1558 Lobis
1596 1535 1686 1559 vero
1724 1525 1962 1561 anterioribus

181 1583 213 1627 (i.
250 1595 278 1619 e.
316 1583 409 1620 101113
452 1584 743 1633 hemispliaericis
788 1587 984 1635 conjunctis
1029 1599 1108 1623 011111
1152 1587 1366 1633 olfactoriis)
1402 1600 1532 1624 nomen
1568 1589 1693 1626 tribuit
1727 1603 1962 1638 processuum

179 1649 474 1687 mammillarium.
518 1652 757 1700 Sagacissime
782 1653 919 1701 judicat
948 1653 991 1690 de
1021 1665 1157 1702 organo
1185 1654 1355 1698 olfactus,
1385 1661 1549 1691 naturam
1570 1655 1664 1692 soliis
1686 1656 1846 1705 plurimis
1869 1657 1963 1695 idem

180 1715 321 1752 efficere
356 1717 536 1762 voluisse,
580 1719 679 1767 quod
721 1719 818 1768 apud
860 1732 926 1756 nos
967 1720 1116 1757 lamellis
1152 1720 1271 1757 multis
1310 1721 1445 1758 ossium
1481 1723 1760 1772 spongiosorum
1795 1723 1960 1769 voluerit,

180 1782 313 1820 30111001
342 1790 399 1820 »111
427 1784 461 1820 111
492 1785 624 1833 exiguo
655 1786 771 1834 spatio
800 1798 932 1835 magua
960 1787 1005 1823 sit
1033 1787 1233 1836 superficiei
1263 1788 1461 1825 extensio«

315 1849 592 1897 Willisius⁵)
630 1852 778 1888 cerebro
811 1853 918 1889 binos
946 1859 1084 1889 tantum
1112 1853 1217 1890 lobos
1247 1855 1442 1891 anteriores
1471 1855 1610 1899 tribuit,
1646 1868 1841 1894 nervorum
1871 1858 1960 1906 opti-

180 1927 305 1952 eorum
349 1917 521 1964 originem
554 1924 719 1966 repetens
755 1931 801 1955 ex
836 1918 991 1955 medulla
1029 1919 1241 1968 oblongata,
1285 1927 1319 1957 et
1358 1920 1401 1957 de
1435 1921 1528 1957 lobis
1567 1922 1693 1970 opticis
1730 1923 1784 1960 liis
1820 1924 1961 1962 disserit

178 1982 320 2019 verbis:
357 1983 538 2020 »medulla
574 1984 771 2033 oblongata
806 1986 840 2021 in
876 1986 1035 2034 piscibus
1072 1986 1175 2022 simili
1211 1987 1354 2022 0111111110
1385 1988 1453 2023 ritu
1483 1995 1592 2037 atque
1621 1989 1654 2024 in
1685 1990 1833 2034 avibus,
1870 1991 1959 2028 duas

179 2048 336 2096 insignes
365 2050 674 2097 protuberantias‚
703 2051 798 2087 intus
828 2058 1042 2095 excavatas,
1071 2051 1216 2089 habet«

314 2115 436 2164 Magni
470 2117 641 2153 momenti
678 2123 733 2154 est
760 2124 905 2154 mutuus
941 2118 1173 2166 epistolarum
1201 2131 1288 2155 usus
1317 2120 1407 2156 inter
1435 2120 1571 2158 Marv.
1599 2121 1888 2170 Malpighium
1925 2131 1959 2161 et

177 2180 494 2217 Fracassatum
523 2183 656 2219 amicos
673 2180 722 2228 ὃ),
752 2195 834 2219 nam
862 2185 896 2220 in
926 2184 1159 2233 Malpighii
1188 2185 1339 2233 epistola
1368 2186 1436 2222 »de
1465 2187 1637 2223 cerebro«
1668 2195 1835 2225 accurata
1856 2202 1956 2238 repe-

177 2247 267 2283 ritur
309 2247 500 2296 descriptio
545 2255 744 2285 structurae
786 2250 1065 2294 curiosissimae,
1109 2263 1217 2299 quam
1257 2252 1315 2288 vir
1356 2252 1412 2288 ille
1456 2259 1603 2290 naturae
1645 2255 1879 2302 peritissimus
1923 2258 1956 2293 in

178 2312 330 2361 Xiphiae
366 2326 479 2351 nervo
510 2315 628 2363 optico
663 2314 910 2363 deprehendit,
947 2323 981 2352 et
1010 2329 1117 2365 quam
1147 2317 1277 2353 multos
1307 2317 1402 2366 apud
1432 2318 1668 2356 Ostacanthos
1699 2322 1875 2359 novimus.
1909 2345 1953 2350 —

322 2465 342 2508 ¹)
375 2467 590 2500 Casserius:
628 2469 672 2500 De
697 2471 779 2501 vocis
804 2469 983 2513 auditusque
1008 2472 1129 2513 organis
1154 2470 1278 2502 historia
1303 2474 1479 2504 anatomica.
1527 2473 1653 2505 Ferrara
1680 2473 1774 2506 1600.

320 2518 342 2561 ²)
375 2521 570 2553 Stenonis:
606 2522 827 2554 Elementorum
852 2523 1021 2566 myologiae
1045 2525 1202 2566 specimen.
1250 2525 1376 2556 Florenz
1404 2524 1499 2557 1667.

320 2571 342 2614 ³)
374 2574 547 2606 Blasius:
594 2576 742 2607 Anatome
780 2576 948 2607 animalium
980 2578 1179 2615 terrestrium,
1215 2577 1382 2609 volatilium
1413 2585 1467 2610 etc.
1508 2585 1687 2611 structuram
1723 2582 1885 2614 naturalem
1917 2594 1954 2616 ex

180 2633 328 2664 veterum,
354 2629 553 2659 recentiorum
578 2630 769 2671 propriisque
794 2628 1055 2661 observationibus
1079 2641 1264 2673 proponens.
1313 2631 1502 2662 Amsterdam
1529 2630 1623 2664 1681.

319 2678 342 2720 ⁴)
372 2680 416 2712 De
440 2681 538 2717 Pisce,
565 2693 602 2712 ex
628 2692 733 2712 canum
757 2693 881 2724 genere,
908 2681 1083 2714 Centerinae
1107 2684 1210 2715 simile.
1259 2684 1409 2715 Blasius
1439 2685 1456 2715 l.
1485 2697 1508 2716 0.

319 2731 342 2773 ⁵)
372 2733 524 2765 Blasius
553 2745 622 2777 pag.
648 2734 723 2766 282.

320 2783 341 2825 ⁶)
371 2787 585 2818 Amstelodami
612 2786 706 2819 1669.
