2166 3084
1037 134 1094 174 30

172 268 218 304 ad
248 263 543 303 conformandam
573 269 715 311 portam
740 263 775 298 in
796 263 972 299 anteriore
991 262 1159 299 loborum
1180 263 1379 311 opticorum
1399 256 1500 312 parte
1519 262 1758 311 proficiscitur
1768 259 1801 308 ¹).
1838 263 1957 300 Fasci-

173 333 239 370 culi
284 331 413 368 interni
449 330 643 366 crassiores
679 329 788 365 modo
826 329 871 365 ad
908 329 1139 378 aperiendum
1173 330 1357 366 introitum
1393 329 1439 366 ad
1475 328 1739 365 infundibulum
1773 329 1958 377 paululum

172 398 359 435 divaricati
388 403 498 440 erant,
529 402 686 433 ceterum
714 407 804 432 vero
832 395 929 432 haud
957 396 1085 432 mutati
1113 396 1238 432 subter
1263 402 1405 445 portam
1433 402 1635 432 antrorsum
1659 393 1956 444 processerant2).

170 466 215 503 Hi
242 464 386 513 quidem
414 463 609 513 principem
637 461 826 511 pedunculi
849 462 987 498 cerebri
1005 468 1143 511 partem
1164 463 1395 506 constituunt,
1424 469 1612 511 praeterea
1633 462 1744 498 fibras
1765 463 1956 511 excipiunt,

173 544 326 581 quarum
356 531 528 579 originem
553 530 627 578 jam
658 529 910 578 exposuimus,
948 541 1058 577 quum
1089 529 1132 565 de
1161 529 1354 565 chiasmate
1383 529 1499 566 verba
1526 528 1736 565 faceremus.
1792 528 1956 566 Vidimus

170 611 309 647 nempe,
345 598 474 640 fibras,
510 596 678 632 loborum
715 596 916 644 opticorum
950 596 1105 644 parietes
1142 596 1356 638 formantes,
1392 595 1427 631 in
1464 595 1555 632 duos
1589 595 1779 632 fasciculos
1809 596 1956 644 sejungi,

171 677 326 714 quorum
360 664 448 700 alter
483 669 611 711 postea
646 669 781 699 tractus
819 663 958 711 opticus
995 668 1162 710 apparet,
1198 661 1287 697 alter
1323 667 1443 697 autem
1479 661 1684 710 simpliciter
1719 661 1886 698 deorsum
1923 669 1958 699 et

171 738 375 768 antrorsum
417 729 581 766 decurrit.
644 729 709 765 Hic
747 730 853 777 juxta
896 728 1049 765 eundem
1091 728 1235 764 alterius
1276 727 1397 764 lateris
1434 728 1537 764 faciei
1573 728 1730 764 inferiori
1764 728 1957 777 pedunculi

171 798 308 834 cerebri
344 796 482 844 adjacet
518 795 652 843 talique
688 794 796 831 modo
830 794 927 830 haud
956 794 1182 831 mediocriter
1210 806 1368 830 massam
1396 794 1568 830 fibrarum
1598 807 1617 830 e
1647 795 1859 843 corporibus
1889 807 1956 844 py-

170 863 402 900 ramidalibus
432 862 733 911 proficiscentium
763 860 965 909 amplificat.
1009 861 1152 897 Tertius
1183 860 1335 909 denique
1365 867 1419 897 est
1447 860 1540 904 sons,
1570 873 1616 896 ex
1635 860 1829 897 tuberculis
1850 861 1956 898 inter-

170 929 312 972 mediis,
346 941 439 978 quae
469 924 684 973 dicuntur3).
740 928 821 964 Duo
852 934 934 964 sunt
963 926 1106 975 ganglia
1134 939 1251 976 parva
1280 926 1681 975 oblongo-obrotunda,
1715 928 1749 963 in
1779 928 1956 964 anteriore

169 996 245 1033 lobi
274 996 382 1044 optici
409 996 500 1032 facie.
528 995 657 1043 posita,
687 994 778 1030 adeo
807 994 1021 1043 propinqua,
1052 1000 1091 1030 ut
1118 993 1189 1030 tela
1219 995 1448 1042 conjunctiva
1474 994 1649 1030 uniantur.
1692 994 1829 1030 Verum
1848 994 1956 1031 fibra-

170 1076 250 1099 rum
277 1064 466 1099 transitum
496 1074 540 1098 ex
570 1074 641 1097 uno
670 1061 705 1097 in
736 1061 897 1104 alterum,
927 1072 1035 1109 quem
1063 1060 1276 1097 Gottsche
1307 1067 1340 1097 et
1370 1061 1476 1097 Stan
1487 1061 1584 1096 nius
1614 1066 1653 1096 ut
1682 1061 1955 1097 commissuram

170 1131 416 1167 tenuissimam
453 1134 631 1171 statuunt,
670 1127 937 1176 deprehendere
970 1139 1041 1163 non
1070 1127 1180 1176 potui.
1236 1127 1292 1164 Ab
1321 1127 1375 1163 his
1405 1127 1521 1163 tenuis
1550 1126 1723 1163 fibrarum
1752 1126 1955 1171 fasciculus,

172 1198 233 1246 qui
262 1197 435 1233 terminos
465 1206 653 1244 supremos
684 1201 719 1230 et
748 1201 931 1231 extremos
960 1193 1153 1243 pedunculi
1183 1193 1320 1230 cerebri
1347 1194 1439 1230 sistit
1466 1200 1500 1230 et
1520 1193 1616 1242 apud
1635 1193 1805 1230 nonnulla
1824 1206 1955 1242 genera

170 1275 286 1312 usque
316 1263 363 1300 ad
390 1262 529 1298 initium
557 1261 726 1297 loborum
755 1261 997 1297 communium
1026 1260 1188 1309 indagari
1218 1267 1353 1309 potest,
1386 1260 1632 1309 proficiscitur.

308 1329 443 1378 Quodsi
473 1335 658 1365 externam
687 1327 878 1376 pedunculi
909 1328 1045 1364 cerebri
1069 1327 1223 1363 indolem
1243 1327 1464 1375 respicimus,
1494 1326 1590 1375 apud
1611 1326 1837 1363 Carchariam
1856 1327 1956 1375 glau-

172 1409 253 1434 cum
296 1403 331 1432 et
367 1397 576 1444 Zygaenam
617 1394 784 1430 malleum
822 1401 895 1430 tam
934 1394 1104 1443 exiguum
1139 1394 1356 1442 reperimuS,
1399 1400 1438 1430 ut
1474 1394 1589 1442 primo
1629 1394 1769 1430 obtuitu
1805 1393 1955 1430 deficere

171 1463 348 1501 videatur.
403 1462 494 1498 Lobi
524 1462 631 1510 optici
659 1467 733 1497 tam
761 1467 858 1497 arcte
886 1460 980 1497 lobis
1011 1460 1261 1497 communibus
1292 1459 1425 1496 admoti
1456 1467 1553 1504 sunt,
1591 1467 1630 1496 ut
1659 1461 1780 1496 varias
1811 1459 1956 1508 quidem

171 1530 345 1566 fibrarum
384 1529 538 1577 origines
575 1527 802 1576 detegamus,
846 1539 1077 1576 nequaquam
1113 1539 1203 1564 vero
1240 1527 1273 1563 in
1313 1527 1529 1575 singularem
1562 1526 1802 1575 pedunculum
1838 1527 1954 1563 unitas

171 1597 408 1633 inveniamus.
465 1594 698 1643 Ceteroquin,
735 1594 765 1631 si
794 1594 928 1642 figuras
959 1594 1117 1642 singulas
1148 1593 1434 1637 consideramus,
1466 1594 1725 1643 longitudinem
1755 1594 1830 1641 ejus
1860 1593 1955 1642 apud

172 1663 276 1700 varia
304 1674 437 1711 genera
465 1661 669 1709 discrepare
698 1660 874 1698 videmus.
930 1661 1046 1698 Unam
1075 1667 1213 1697 tantum
1241 1673 1318 1697 rem
1346 1667 1472 1697 notatu
1501 1660 1645 1709 dignam
1674 1660 1731 1697 hic
1759 1672 1954 1709 apponam:

172 1729 409 1766 differentiam
444 1729 518 1776 ejus
555 1727 741 1764 mirificam
777 1727 873 1776 apud
903 1728 1101 1776 Scymnum
1136 1727 1278 1764 lichiam
1308 1734 1342 1764 et
1371 1728 1569 1776 Scymnum
1599 1727 1794 1764 borealem.
1849 1725 1956 1775 Apud

170 1796 269 1833 illum
311 1794 499 1843 longitudo
547 1795 685 1831 circiter
727 1801 893 1843 quartam
935 1795 1045 1831 totius
1089 1794 1271 1843 encephali
1315 1801 1447 1843 aequat
1481 1790 1685 1843 parte1n⁴),
1730 1793 1827 1843 apud
1860 1792 1955 1829 hunc.

170 1863 318 1900 minima
360 1867 423 1898 est.
488 1862 586 1909 Quae
628 1873 686 1897 res
730 1873 809 1897 eam
852 1861 899 1897 ob
945 1873 1092 1898 causam
1135 1861 1256 1909 magni
1292 1861 1463 1897 momenti
1499 1867 1571 1904 est,
1616 1860 1713 1910 quod
1745 1861 1819 1909 jam
1854 1860 1954 1909 prius

170 1930 201 1967 J.
230 1928 417 1966 Mueller
453 1934 487 1964 et
515 1925 717 1973 Henle⁵)‚
760 1927 837 1964 aliis
876 1929 1048 1965 commoti
1085 1929 1315 1977 argumentis,
1344 1934 1534 1976 utramque
1565 1928 1721 1977 speciem
1748 1939 1814 1976 pro
1844 1927 1954 1964 variis

171 1996 363 2045 generibus
390 1994 595 2031 habendam
624 2001 847 2031 censuerunt.

306 2063 334 2098 E
365 2060 501 2097 cerebri
535 2060 699 2096 cruribus
728 2059 834 2096 Iobus
864 2072 1015 2109 magnus
1046 2061 1219 2104 anterior,
1256 2059 1518 2109 hemisphaeria
1547 2067 1581 2096 et
1608 2059 1713 2097 lobos
1745 2060 1952 2096 olfactorios

173 2127 411 2177 complectens
442 2127 640 2170 evolvitur;
678 2139 830 2176 superne
861 2140 940 2163 eam
970 2127 1017 2163 ob
1046 2140 1120 2163 rem
1151 2127 1293 2163 clausus
1324 2133 1394 2169 est,
1431 2126 1529 2175 quod
1558 2127 1670 2163 fibrae
1699 2126 1745 2163 ab
1776 2128 1952 2163 exteriore

173 2202 208 2232 et
236 2195 402 2231 inferi0re
436 2194 546 2230 latere
584 2206 728 2230 sursum
764 2201 799 2230 et
832 2195 1027 2230 introrsum
1065 2200 1209 2237 cocunt,
1247 2200 1389 2242 tegmen
1425 2195 1499 2241 ejus
1535 2193 1765 2230 sormaturae.
1820 2193 1952 2241 Figura

172 2269 292 2298 autem
314 2261 405 2297 adeo
425 2261 559 2303 variat,
588 2267 628 2296 ut
650 2260 725 2297 fere
747 2261 782 2297 in
802 2273 1024 2309 unoquoque
1045 2272 1174 2308 genere
1195 2272 1358 2297 seorsum
1380 2259 1599 2296 considerari
1620 2259 1759 2296 debeat.
1795 2260 1951 2296 Maxime

172 2328 206 2363 in
238 2327 361 2364 oculos
391 2328 537 2363 incurrit
566 2327 656 2363 mira
686 2328 760 2375 ejus
790 2327 995 2376 simplicitas
1027 2327 1122 2376 apud
1143 2328 1350 2376 Zygaenam
1375 2334 1407 2363 et
1430 2323 1702 2369 Carchariam⁶)‚
1731 2326 1821 2362 levis
1843 2326 1950 2362 modo

315 2479 335 2522 ¹)
364 2482 441 2513 Tab.
466 2482 510 2513 111.
550 2482 599 2524 fig.
626 2482 643 2512 7
672 2481 694 2518 ζ.

313 2532 335 2575 ²)
367 2535 444 2566 Tab.
469 2535 514 2566 ΙΙΙ.
554 2535 603 2577 fig.
629 2534 647 2565 7
672 2547 704 2575 μ.

313 2587 335 2629 ³)
365 2588 443 2620 Tab.
469 2588 513 2620 Ill.
554 2588 603 2630 fig.
631 2587 646 2619 1
674 2595 703 2619 et
726 2588 775 2631 fig.
802 2589 819 2619 Τ
846 2599 872 2620 ο.

313 2640 323 2654 ⁴
367 2641 443 2672 Tab.
468 2642 500 2672 II.
540 2642 589 2672 fiw.
616 2641 634 2672 3
661 2641 687 2672 b.

314 2641 336 2735 ’ἐ
367 2667 600 2737 Systematiscile
625 2694 851 2738 Bcschreibung
876 2695 928 2727 der
951 2695 1184 2738 Plagiostomen‚
1214 2707 1274 2727 von
1299 2696 1349 2727 Dr.
1376 2695 1401 2726 J.
1428 2694 1587 2726 Mueller
1610 2693 1673 2725 und
1696 2693 1748 2724 Dr.
1773 2693 1798 2724 J.
1826 2693 1948 2724 Ilcnlc.

173 2747 272 2779 Berlin
300 2747 395 2779 1841.
435 2759 503 2790 pag.
530 2747 572 2779 92
597 2748 660 2779 und
684 2747 736 2780 93.

317 2798 338 2840 ⁶)
369 2801 446 2832 Tab.
471 2801 502 2832 ΙΙ.
540 2801 588 2844 fig.
615 2801 650 2832 5:
692 2802 768 2833 Tab.
794 2802 837 2834 ΙΙΙ.
875 2802 924 2845 fig.
950 2802 971 2833 4
995 2814 1022 2833 a.
