2166 3084
1047 146 1105 185 35

181 273 270 311 culis
299 274 517 311 intermediis
547 281 582 311 et
609 274 703 311 lobis
733 274 870 323 optic-is⁷
900 275 1043 311 minime
1069 286 1171 318 ver0‚
1200 281 1240 310 ut
1262 274 1358 323 apud
1379 274 1546 324 Squa108‚
1575 274 1621 311 ad
1641 287 1772 312 cavum
1791 273 1964 323 perducit,

181 339 247 376 sed
273 340 318 377 ad
347 340 593 377 sustinendum
619 341 743 377 lobum
764 342 925 377 solidum
945 352 1171 377 communem
1192 340 1390 377 destinatus
1411 347 1465 378 est
1482 338 1521 386 ¹),
1557 340 1618 389 qui
1637 340 1732 390 apud
1754 342 1965 389 Trygouem

182 407 327 442 omnino
362 407 477 443 laevis
514 413 585 450 est3
622 407 719 456 apud
747 407 874 455 Rajam
910 419 999 443 vero
1035 407 1211 444 radiatam
1246 406 1470 443 substantiae
1500 407 1574 454 ejus
1606 407 1812 456 superficies
1842 406 1963 455 plures

181 473 286 509 offert
320 484 451 521 gyros,
486 473 608 521 itaque
643 473 753 510 fibras
787 473 1064 521 longitudinales
1101 480 1136 510 et
1168 479 1398 510 transversas
1435 470 1648 519 ostendit2).
1705 474 1821 521 Quum
1856 473 1963 510 lobus

181 540 381 575 communis
417 538 553 575 solidus
589 539 651 582 sit,
686 539 758 575 noli
796 546 1024 588 exspectare,
1060 551 1213 576 nervum
1249 538 1493 582 olfactorium‚
1531 539 1592 587 qui
1620 539 1793 587 majorem
1821 550 1964 576 massae

181 616 269 641 suae
304 611 443 653 partem
479 617 526 641 ex
559 604 663 653 hujus
696 605 771 641 lobi
799 605 910 642 latere
940 605 1166 655 adipiscitur,
1204 617 1335 642 cavum
1364 605 1526 641 inveniri.
1583 605 1749 642 Ceterum
1776 605 1856 641 finis
1886 607 1961 653 ejus

180 670 350 720 ganglion
379 671 489 708 habet
515 671 663 720 longum
692 678 726 708 et
752 672 908 721 planum,
939 672 1047 721 quod,
1076 672 1286 708 membrana
1309 671 1445 708 fibrosa
1468 682 1591 708 crassa
1610 671 1796 714 inclusum,
1826 683 1962 720 organo

181 737 369 774 olfactorio
389 738 575 774 lamelloso
596 738 779 775 incumbit.
821 739 932 787 Rajae
952 738 1110 775 radiatae
1131 738 1358 775 involucrum
1378 737 1693 774 membranaceum
1713 737 1963 775 delineandum

181 801 353 850 curavi³).
402 804 508 853 Apud
535 806 744 853 Trygonem
773 817 908 842 nervus
937 805 1018 841 huic
1047 804 1191 854 ganglio
1221 806 1270 841 ita
1298 804 1438 847 insidet,
1467 811 1506 841 ut
1535 804 1685 841 alterum
1715 803 1899 841 dimidium
1927 806 1963 840 in

181 869 329 915 dextra,
358 870 509 907 alterum
538 872 573 907 in
602 872 745 908 sinistra
773 872 848 920 ejus
877 878 978 920 parte
1003 872 1137 919 jaceat;
1166 871 1263 920 apud
1290 871 1417 919 Rajam
1446 883 1535 908 vero
1564 871 1630 914 ita,
1659 877 1699 907 ut
1726 877 1803 907 tota
1831 870 1962 919 ganglii

180 936 368 986 longitudo
397 937 506 974 modo
536 950 647 973 unum
676 937 846 986 angulum
875 950 955 974 cum
985 950 1027 974 eo
1058 938 1257 974 conformet
1272 934 1314 983 ¹²).

317 1004 533 1053 Comparato
568 1005 675 1052 igitur
704 1004 921 1053 Squalorum
958 1011 992 1040 et
1019 1004 1190 1052 Rajarum
1219 1003 1431 1052 encephalo,
1467 1009 1658 1051 utrumque
1687 1003 1722 1038 in
1751 1003 1962 1040 universum

180 1070 418 1118 aequabiliter
446 1082 525 1107 esse
554 1071 758 1113 formatum,
793 1070 981 1107 discrimen
1010 1077 1130 1107 autem
1159 1076 1327 1107 constans
1357 1069 1593 1113 intercedere,
1621 1069 1805 1112 videmus,
1834 1081 1961 1117 nempe

181 1136 338 1173 indolem
366 1137 503 1174 tuberis
534 1137 681 1186 oblongi
709 1137 744 1173 in
775 1137 855 1173 sinu
882 1136 1131 1180 rhomboidab,
1162 1136 1294 1185 quippe
1325 1135 1425 1185 quod
1453 1136 1549 1184 apud
1577 1135 1733 1185 Squalos
1763 1135 1961 1172 eminentiis

180 1204 450 1251 margaritaceis
488 1205 681 1247 munitum,
725 1203 822 1252 apud
856 1204 965 1251 Rajas
1002 1210 1121 1240 autem
1155 1203 1260 1240 laeve
1297 1203 1352 1238 sit.
1406 1203 1570 1251 Excepto
1608 1203 1780 1251 Zygaena
1822 1201 1961 1245 malleo,

181 1281 289 1318 quem
318 1277 437 1306 tamen
465 1270 556 1306 miro
586 1269 762 1307 cerebello
792 1276 826 1306 et
856 1282 1007 1318 corpore
1035 1269 1230 1306 restiformi
1257 1268 1361 1305 facile
1390 1268 1644 1317 dignosvinms,
1675 1267 1800 1317 Squali
1823 1281 1844 1304 a
1862 1268 1961 1316 Rajis

181 1348 225 1372 eo
262 1336 369 1372 etiam
403 1335 586 1380 differunt,
625 1336 725 1384 quod
753 1335 895 1372 illorum
922 1336 997 1372 lobi
1027 1347 1234 1372 communes
1265 1341 1300 1371 et
1327 1335 1532 1378 inferiores,
1569 1347 1685 1383 neque
1713 1335 1830 1370 minus
1859 1335 1962 1371 nervi

181 1401 358 1438 olfactorii
400 1402 499 1446 cavi⁷
547 1402 674 1439 harum
716 1408 835 1439 autem
877 1402 981 1438 solidi
1023 1408 1121 1445 sunt3
1170 1413 1279 1450 porro
1324 1401 1422 1450 quod
1463 1400 1565 1437 bulbi
1606 1400 1746 1436 illorum
1785 1400 1961 1436 olfactorii

181 1481 230 1505 ex
260 1468 401 1506 duabus
430 1469 709 1506 intumescentiis
737 1468 1027 1511 rotundiusculis,
1057 1468 1170 1517 magis
1193 1469 1359 1504 minusve
1379 1468 1574 1516 segregatis
1596 1467 1805 1509 consistunt,
1836 1466 1960 1503 harum

180 1548 270 1572 vero
299 1548 411 1572 unum
440 1535 609 1584 ganglion
639 1535 785 1584 planum
815 1541 850 1572 et
879 1535 1075 1584 oblongum
1105 1535 1334 1571 constituunt.

649 1712 1105 1755 noloeephalm·um
1139 1711 1493 1754 Eneephalum.

318 1800 525 1837 Chimaerae
554 1807 780 1837 monstrosae
810 1799 1042 1848 encephalmn
1070 1799 1206 1848 primus
1234 1797 1446 1835 Valentin
1476 1797 1664 1846 descripsit
1691 1804 1726 1835 et
1753 1797 1855 1833 icone
1883 1796 1959 1833 illu-

181 1867 310 1904 stravit
327 1864 376 1912 ⁵);
414 1867 477 1903 sed
513 1867 750 1915 posteriorem
786 1867 895 1903 modo
924 1872 1063 1915 partem
1091 1865 1194 1902 novit
1222 1876 1373 1913 eamque
1401 1876 1467 1913 pro
1496 1871 1573 1901 toto
1603 1863 1796 1912 encephalo
1825 1863 1960 1900 habuit.

182 1934 260 1981 Quo
296 1945 416 1969 errore
445 1934 599 1982 partium
628 1932 848 1981 singularum
875 1932 1119 1981 interpretatio
1149 1930 1343 1967 admodum
1372 1931 1558 1979 ambigua,
1593 1931 1779 1978 magisque
1809 1929 1960 1966 difficilis

181 2012 225 2036 eo
254 1999 483 2043 reddebatur,
513 1999 613 2048 quod
641 2006 766 2036 auctor
793 1998 1060 2048 interpretando
1090 2010 1161 2034 non
1189 1996 1332 2046 regulas
1363 1997 1586 2040 constitutas,
1616 1996 1679 2033 sed
1707 2009 1844 2032 merum
1867 1996 1959 2032 arbi-

180 2067 289 2102 trium
314 2066 543 2115 sequebatur.
584 2065 778 2115 Encephali
803 2072 923 2114 partes
945 2065 1010 2101 has
1031 2076 1110 2101 esse
1131 2070 1267 2100 censet:
1298 2063 1441 2100 duobus
1461 2063 1611 2112 gangliis
1631 2063 1770 2111 exiguis
1790 2075 1960 2111 magnum

181 2132 327 2181 adjungi
354 2145 420 2181 par
447 2132 616 2169 loborum
645 2145 836 2175 cavornm,
871 2133 970 2180 cujus
1000 2132 1034 2168 in
1062 2131 1173 2167 latere
1201 2130 1368 2166 inferiore
1396 2130 1472 2166 lobi
1500 2129 1702 2172 inferiores,
1731 2129 1960 2177 hypophysis

184 2206 220 2235 et
249 2198 407 2235 cbiasma
435 2211 630 2235 nervorum
660 2199 860 2247 opticorum
888 2204 1094 2246 appareant.
1142 2197 1240 2233 Pone
1268 2202 1303 2232 et
1332 2208 1441 2244 supra
1468 2195 1535 2232 hos
1564 2195 1669 2231 lobos
1700 2207 1847 2243 »corpus
1874 2194 1960 2231 mal-

181 2265 362 2301 leoideum
396 2265 536 2314 impar«
573 2265 779 2308 observari,
816 2264 959 2300 duobus
992 2263 1148 2300 insidens
1182 2262 1340 2310 petiolis,
1376 2261 1513 2310 postire
1543 2261 1631 2298 duas
1660 2260 1857 2297 habenulas
1886 2273 1959 2297 me-

182 2331 337 2368 dullares
381 2331 562 2379 eleganter
601 2338 714 2367 tortas
757 2342 951 2379 superans,
995 2329 1127 2378 quibus
1170 2327 1326 2364 medulla
1367 2327 1563 2376 oblongata
1605 2327 1822 2364 adnectatur.
1878 2328 1957 2364 Duo

181 2398 326 2446 ganglia
360 2398 512 2441 minuta,
550 2410 568 2434 e
598 2398 730 2446 quibus
763 2408 897 2434 nervos
928 2395 1134 2432 olfactorios
1162 2394 1340 2444 proficisci
1367 2395 1525 2443 putavit⁷
1559 2393 1744 2430 tubercula
1774 2393 1959 2430 olfactoria

182 2465 421 2513 nuncupavit3
454 2465 489 2500 in
517 2463 611 2500 lobis
641 2470 760 2500 autem
790 2463 906 2505 cavis,
936 2462 997 2511 qui
1026 2468 1240 2511 sequuntur.
1270 2461 1337 2497 etsi
1365 2473 1489 2497 eorum
1518 2460 1769 2497 commercium
1799 2471 1879 2496 cum
1907 2461 1958 2496 in-

326 2589 346 2632 ¹)
377 2592 455 2624 Tab.
480 2592 501 2623 I.
541 2592 591 2634 fig.
616 2591 638 2623 4
662 2602 691 2622 a.

324 2644 347 2685 ⁹)
378 2645 455 2677 Tab.
481 2645 501 2676 Ι.
542 2645 591 2687 fig.
618 2644 637 2676 3
663 2650 692 2676 et
714 2643 764 2687 fig.
790 2642 809 2675 6
834 2654 863 2674 a.

323 2695 345 2737 ³)
376 2698 452 2729 Tab.
477 2699 497 2729 Ι.
538 2698 588 2740 fig.
616 2696 634 2728 3
659 2707 693 2728 α’.

324 2751 346 2792 ⁴)
377 2751 454 2783 Tab.
479 2751 499 2782 I.
540 2751 589 2793 fig.
615 2749 645 2787 6,
681 2750 730 2792 fig.
760 2749 774 2780 1
802 2755 830 2780 et
853 2748 901 2791 fig.
929 2747 948 2779 3
973 2758 997 2778 s.

324 2804 346 2846 ⁶)
379 2805 551 2836 Miiller's
575 2803 698 2835 Archiv.
742 2802 837 2834 1842.
