2166 3084
1028 141 1083 181 31

161 270 281 307 sulcus
316 269 600 319 longitudinalis‚
637 282 684 307 ex
712 270 799 306 lobo
837 269 966 306 dextro
1004 276 1039 306 et
1076 271 1221 307 sinistro
1261 283 1342 307 eum
1379 271 1613 316 conformari,
1652 273 1769 310 obiter
1804 274 1946 312 indicat.

160 336 387 373 Manifestior
414 336 471 373 ille
500 336 620 373 sulcus
651 343 705 373 est
733 335 828 386 apud
859 335 1049 384 Scyllium,
1084 337 1297 381 Mustelum,
1334 337 1481 375 Galeum
1512 345 1593 382 cet,
1623 339 1719 388 apud
1749 340 1947 389 Seymnum

163 403 318 452 denique
354 410 428 439 tam
456 402 674 451 profundus,
714 410 768 448 ut,
805 407 835 442 si
869 418 1022 454 superne
1052 416 1134 440 eum
1162 404 1382 448 intueamur,
1419 404 1490 441 duo
1520 405 1595 441 lobi
1625 408 1821 455 segregati⁷
1858 408 1948 446 alter

158 470 263 517 juxta
293 469 444 506 alterum
471 469 597 518 positi,
627 481 707 506 sese
737 472 866 508 offerre
895 471 1088 509 videantur
1107 468 1140 515 ¹).

296 536 443 572 Praeter
470 534 564 571 hune
594 536 732 573 sulcum
761 537 1057 587 longitudinalem
1086 537 1193 574 etiam
1221 537 1420 573 transversi
1446 537 1616 581 nonnulli,
1646 540 1759 587 magis
1781 541 1947 578 minusve

162 602 342 651 exquisiti,
372 601 524 650 figuram
553 603 628 651 ejus
659 610 845 641 externam
874 604 1070 641 admodum
1099 603 1242 640 varium
1270 602 1433 639 reddunt.
1488 603 1584 640 Nulli
1613 606 1947 645 animadvertuntur

162 668 258 717 apud
281 669 501 716 Zygaenam,
528 669 703 706 levissimi
722 671 757 706 in
777 671 868 708 facie
888 671 1072 720 superiore
1094 677 1129 707 et
1148 669 1315 706 inferiore
1339 669 1435 718 apud
1456 669 1682 708 Carchariam
1703 679 1738 708 et
1760 673 1945 721 Scyllium,

162 734 404 771 evidentiores
441 735 537 784 apud
572 736 766 773 Mustelum
801 738 1007 786 vulgarem,
1049 736 1309 775 evidentissimi
1345 736 1442 785 apud
1478 737 1626 774 Galeum
1664 751 1806 783 canem,
1849 741 1945 789 apud

162 813 270 850 quem
306 801 394 837 sulci
429 803 629 839 transversi
660 803 696 839 in
726 804 816 840 facie
846 805 1031 853 superiore
1062 810 1155 847 octo,
1184 804 1219 839 in
1248 802 1417 839 inferiore
1447 810 1601 852 quatuor
1630 806 1839 843 eminentias
1868 808 1944 855 glo-

160 868 272 904 bosas
316 868 474 905 efficiunt
516 869 614 914 (vide
648 869 806 918 figuras).
869 872 997 908 Totius
1041 882 1130 907 vero
1171 869 1247 906 lobi
1284 870 1482 905 eommunis
1518 870 1636 907 forma
1672 872 1768 921 apud
1803 874 1945 922 singula

161 947 294 983 genera
322 935 427 983 plane
457 935 650 985 discrepat:
680 936 788 973 modo
817 937 924 973 Iobus
954 938 1000 974 ab
1030 937 1208 974 anteriore
1236 943 1339 985 parte
1368 948 1596 984 compressus
1626 945 1690 981 est,
1720 952 1748 975 e.
1769 952 1820 987 gr.
1847 942 1943 989 apud

162 1002 388 1050 Zygaenam,
423 1001 531 1038 modo
560 1015 581 1039 a
609 1002 736 1046 latere,
767 1016 796 1040 e.
825 1016 877 1052 gr.
908 1004 1003 1052 apud
1032 1003 1223 1052 Scyllimn3
1259 1003 1309 1039 ita
1338 1009 1377 1038 ut
1407 1003 1564 1039 omnium
1594 1004 1790 1053 figurarum
1820 1007 1942 1055 expla-

160 1068 257 1104 natio
285 1067 393 1116 longa
420 1068 523 1105 foret.

295 1135 468 1172 Interiora
495 1135 599 1184 hujus
628 1135 703 1172 lobi
732 1137 828 1185 apud
858 1138 977 1173 omnia
1005 1149 1148 1186 genera,
1178 1149 1250 1173 uno
1280 1142 1432 1184 excepto
1462 1136 1648 1186 (Zygaena
1679 1139 1820 1185 malleo)
1851 1152 1943 1177 cava

161 1208 253 1245 sunt,
283 1209 318 1238 at
347 1214 488 1245 cavum,
517 1202 752 1251 magnitudini
780 1203 854 1239 lobi
885 1211 1143 1252 comparatum,
1173 1217 1330 1253 parvum
1359 1213 1423 1249 est,
1453 1219 1535 1242 nam
1563 1206 1717 1253 parietes
1747 1205 1942 1244 admodum

160 1280 303 1304 crassos
340 1268 466 1311 babet3
508 1269 602 1305 idem
640 1281 711 1305 non
740 1270 918 1318 integrum
948 1277 1018 1314 est,
1055 1271 1134 1308 sive
1162 1284 1227 1320 per
1255 1279 1371 1309 totum
1401 1273 1556 1321 spatium
1586 1274 1812 1316 continuum,
1849 1274 1942 1310 sieut

159 1347 290 1371 cavum
318 1334 483 1371 loborum
515 1336 732 1384 optieorum,
761 1336 929 1372 loborum
959 1337 1177 1374 inferiorum.
1233 1340 1262 1375 A
1291 1339 1402 1375 fundo
1432 1339 1505 1375 lobi
1536 1345 1570 1375 et
1598 1340 1733 1387 pariete
1763 1341 1940 1377 anteriore

159 1402 326 1438 nimirum
363 1408 504 1450 septum
540 1403 697 1450 assurgit
732 1403 890 1446 lirinum,
929 1416 1001 1452 quo
1032 1405 1171 1441 cavitas
1201 1406 1236 1440 in
1266 1405 1355 1442 duas
1385 1412 1505 1454 partes
1535 1405 1700 1441 laterales
1734 1407 1939 1453 imperfecte

159 1470 331 1507 dividitur
347 1467 381 1514 ²¹).
437 1470 615 1506 Anteriori
650 1469 753 1517 hujus
790 1470 883 1518 septi
911 1471 1128 1507 extremitati
1156 1472 1324 1520 utrinque
1352 1472 1522 1520 ganglion
1552 1485 1705 1520 parvtnn
1735 1472 1850 1508 obiter
1878 1473 1940 1509 ad-

154 1537 260 1584 jacet,
290 1537 346 1572 cui
376 1536 537 1585 corporis
567 1536 682 1571 striati
711 1548 841 1572 nomen
871 1537 1051 1585 impertire
1080 1539 1199 1586 possis
1222 1540 1292 1583 (π).
1340 1538 1423 1575 Inde
1453 1552 1474 1575 a
1502 1545 1603 1587 parte
1632 1538 1769 1575 laterali
1800 1540 1939 1576 cavitas

158 1609 364 1640 extrorsum
389 1609 424 1639 et
453 1609 657 1639 antrorsum
686 1602 721 1638 in
750 1615 903 1639 nervum
932 1603 1159 1640 olfactorium
1189 1604 1393 1653 elongatur,
1431 1605 1529 1654 quod
1558 1618 1603 1641 ex
1633 1607 1734 1642 icone
1763 1605 1940 1649 videmus,

159 1677 193 1707 et
228 1683 292 1719 per
324 1669 417 1705 hunc
452 1681 567 1717 usque
605 1669 650 1704 ad
687 1670 952 1706 extremitatem
986 1671 1201 1707 anteriorem
1237 1673 1362 1720 pergit.
1418 1671 1571 1708 Proinde
1600 1685 1665 1720 per
1693 1679 1808 1708 totum
1838 1685 1939 1709 enee-

156 1736 303 1786 phahnn
332 1748 446 1785 paene
476 1736 635 1771 omnium
664 1736 882 1785 Squalorum
911 1738 1050 1774 cavitas
1079 1738 1314 1786 protenditur,
1345 1751 1437 1787 quae
1458 1739 1567 1775 modo
1588 1745 1800 1782 coarctatur,
1830 1739 1938 1775 modo

157 1815 309 1852 magnos
337 1803 470 1839 format
500 1803 598 1838 sinus
628 1809 663 1839 et
690 1815 834 1839 sursum
864 1803 1106 1853 deorsumque
1135 1817 1329 1853 processus
1359 1806 1495 1842 emittit.
1542 1805 1740 1842 Exordium
1769 1805 1878 1842 habet
1904 1807 1939 1841 in

157 1870 313 1907 medulla
349 1869 493 1918 spinali,
529 1870 564 1904 in
599 1869 679 1905 sinu
715 1869 952 1906 rhomboideo
983 1870 1029 1906 ad
1059 1877 1226 1919 quartum
1260 1872 1497 1909 ventriculum
1527 1872 1777 1920 amplificatur,
1815 1873 1940 1908 subter

159 1936 372 1974 cerebellum
400 1937 517 1984 pergit
546 1942 580 1972 et
610 1948 752 1972 sursum
782 1936 827 1972 ad
856 1936 923 1972 1101
953 1936 1098 1985 ablegat
1126 1950 1353 1986 processum,
1384 1938 1429 1975 ad
1459 1951 1590 1975 cavum
1620 1951 1806 1974 commune
1835 1939 1938 1974 10110-

156 2017 236 2040 10111
273 2004 472 2052 opticorum
509 2002 681 2046 decurrit,
718 2002 816 2051 quod
852 2003 987 2040 inferne
1022 2016 1086 2052 per
1121 2004 1384 2041 insundilmlum
1420 2017 1498 2041 cum
1534 2005 1701 2041 loliorum
1731 2005 1938 2041 inferiorum

158 2071 313 2107 cavitate
349 2069 605 2112 connnunicat,
641 2076 844 2105 antrorsum
880 2082 970 2106 vero
1007 2070 1131 2106 subter
1166 2071 1459 2115 arachnoic'leam5
1496 2084 1589 2120 quae
1625 2078 1770 2120 pontem
1800 2072 1937 2108 cerebri

158 2137 322 2173 criu-ibus
360 2135 632 2184 superintendit,
669 2135 715 2171 ad
751 2148 882 2173 cavum
917 2136 992 2172 lobi
1030 2138 1228 2173 eommunis
1264 2137 1508 2186 progreditur,
1546 2151 1610 2186 per
1642 2145 1832 2186 utramque
1862 2139 1936 2185 ejus

158 2210 295 2252 partem
337 2202 520 2239 lateralem
564 2201 790 2245 diffunditur,
831 2203 926 2239 unde
964 2203 1126 2240 ultimum
1162 2204 1315 2253 denique
1351 2217 1562 2253 processum
1600 2204 1645 2241 ad
1682 2204 1787 2240 finem
1822 2216 1936 2253 usque

157 2282 352 2307 nervorum
382 2268 649 2305 olfactoriorum
679 2269 815 2304 emittit.

288 2337 431 2373 Nervus
469 2335 677 2371 olfactorius
713 2335 878 2383 utrinque
908 2348 926 2371 e
956 2335 1066 2372 latere
1096 2336 1273 2372 exteriore
1302 2336 1375 2373 lobi
1407 2338 1621 2380 eommunis,
1656 2349 1808 2385 parvam
1838 2337 1936 2373 exhi-

156 2404 245 2440 bens
276 2402 594 2445 intumescentiam,
625 2402 736 2437 oritur
765 2407 799 2438 et
821 2401 1033 2450 plerumque
1055 2409 1260 2438 extrorsum
1284 2409 1318 2439 et
1340 2409 1543 2440 antrorsum
1566 2403 1802 2453 progreditur.
1840 2404 1936 2440 Finis

158 2471 232 2518 ejus
263 2469 359 2518 apud
389 2468 544 2517 Squalos
576 2468 646 2504 duo
676 2467 810 2504 habere
839 2468 931 2504 solet
958 2468 1102 2517 ganglia
1130 2468 1275 2513 <bulbos
1306 2469 1512 2507 olfactorios
1532 2467 1580 2516 3),
1611 2483 1703 2519 quae
1729 2470 1838 2506 modo
1866 2470 1936 2506 tela

159 2536 386 2584 conjunctiva
418 2535 604 2579 uniuntur,
641 2547 669 2571 e.
700 2547 751 2583 gr.
781 2534 876 2583 apud
906 2534 1098 2583 Scyllitun,
1133 2535 1327 2572 Mustehun
1363 2543 1445 2580 ete,
1481 2536 1589 2573 modo
1627 2543 1815 2584 segregata
1851 2536 1935 2572 bac-

299 2701 318 2741 ¹)
349 2702 424 2733 Tab.
450 2702 493 2733 ΙΙΙ.
530 2702 579 2745 fig.
609 2701 644 2739 13
686 2702 763 2733 Tab.
789 2702 821 2733 11.
859 2702 907 2744 fig.
937 2702 969 2739 1,
1001 2702 1050 2745 fig.
1078 2702 1097 2734 3
1123 2709 1151 2734 et
1174 2702 1223 2745 fig.
1250 2702 1269 2734 6
1295 2714 1323 2733 α.

309 2755 318 2794 )
349 2755 425 2786 Tab.
449 2756 493 2786 111.
534 2755 583 2798 fig.
610 2756 627 2786 7
651 2767 681 2794 p.

294 2805 316 2846 ³)
347 2808 423 2839 Tab.
448 2809 480 2839 H.
517 2808 567 2850 fig.
596 2808 610 2839 1
639 2815 667 2839 et
691 2808 739 2851 fig.
766 2806 802 2839 6:
844 2807 920 2839 Tah.
946 2808 989 2838 ΠΙ.
1026 2807 1074 2849 fig.
1104 2807 1118 2839 1
1147 2818 1171 2839 S.

297 2753 306 2767 2
