2166 3084
728 740 1435 807 PROOEMIUM.

198 1114 466 1188 Attendens
497 1146 691 1186 animum
721 1145 772 1186 ad
803 1143 1122 1186 describendam
1149 1144 1387 1188 materiem,
1423 1142 1489 1182 cui
1514 1141 1607 1195 jam
1630 1140 1828 1195 permulti
1850 1139 1964 1194 iique

200 1251 479 1292 versatissimi
529 1250 756 1291 anatomici
807 1249 997 1291 studitnn
1047 1260 1307 1303 operamque
1360 1247 1685 1302 impenderunt,v
1742 1248 1964 1300 eapropter

200 1356 459 1411 opusculum
491 1369 580 1397 non
611 1356 737 1410 plane
771 1354 1134 1397 contemnendum
1166 1366 1235 1395 me
1265 1357 1543 1395 exaraturum
1573 1364 1667 1394 esse
1700 1350 1962 1398 existimati,

201 1462 314 1517 quod
346 1463 451 1517 largi
484 1461 840 1504 adminiculorum
872 1460 1172 1502 litterariorum
1210 1458 1353 1500 fontes
1386 1458 1491 1499 mihi
1523 1456 1832 1512 ape1·iebanttn·.
1892 1455 1960 1497 In-

200 1569 311 1622 signi
344 1568 431 1608 Viri
464 1567 738 1609 Illustrissimi
771 1566 794 1608 J
804 1566 986 1606 oannis
1019 1564 1249 1606 Muelleri
1288 1563 1452 1613 favore,
1489 1565 1563 1619 qui
1594 1564 1638 1604 in
1671 1561 1963 1605 concinnanda

199 1674 328 1716 hacce
362 1673 656 1715 dissertatione
697 1676 737 1714 et
778 1671 952 1712 consilio
996 1675 1036 1711 et
1077 1682 1205 1724 opera
1243 1682 1313 1711 me
1346 1669 1530 1723 adjuvit,
1572 1669 1684 1710 adire
1719 1669 1834 1710 licuit
1867 1667 1960 1709 the-

201 1792 369 1829 sauros,
412 1778 568 1834 quibus
601 1778 800 1819 Museum
835 1777 1125 1818 anatomieum
1157 1776 1427 1817 Berolinense
1462 1775 1660 1817 abundat.
1726 1774 1847 1816 Haud
1879 1774 1959 1814 1111-

200 1898 284 1927 11115
317 1889 526 1926 autumno
558 1883 774 1938 superiore
803 1882 1119 1923 Illustrissimus
1152 1880 1415 1923 Esehrieht
1449 1880 1761 1922 lnnnanissime
1789 1879 1962 1921 veniam

200 1991 303 2033 mihi
337 1990 464 2039 dedit,
504 1989 893 2043 Plagiostomortnn
929 1986 1176 2041 encephala,
1219 1999 1329 2042 quae
1366 1987 1411 2027 in
1442 1987 1590 2028 Museo
1625 1986 1857 2028 Havnjensi
1890 1997 1959 2026 as—

201 2101 443 2144 servantur,
491 2094 728 2135 accuratius
771 2093 1056 2134 examinandi.
1131 2092 1304 2147 Utrique
1344 2092 1536 2133 virorum
1577 2092 1847 2146 egregiorum
1884 2103 1960 2146 pro

200 2202 375 2244 eximia.
421 2212 552 2255 quam
589 2200 633 2240 in
666 2211 735 2240 me
777 2198 1065 2247 contulerunt,
1105 2197 1421 2247 benevolentia,
1465 2198 1604 2251 palam
1639 2197 1796 2251 gratias
1830 2210 1961 2252 quam

198 2309 412 2350 maximas
451 2318 546 2360 ago.

337 2413 402 2453 Ex
436 2423 614 2453 numero
648 2409 924 2464 Squalorum,
961 2422 1145 2463 quorum
1180 2408 1461 2464 encephalum
1492 2409 1731 2462 exploravi,
1768 2408 1957 2449 suerunt:

199 2518 406 2573 Scyllium
440 2517 622 2566 catulus,
660 2514 900 2557 Carcharias
934 2515 1130 2569 glaucus,
1167 2514 1329 2555 Lamna
1362 2514 1605 2563 cornuhica,
1642 2513 1793 2555 Galeus
1829 2515 1956 2555 canis.

196 2623 403 2665 Mustelus
426 2622 634 2676 vulgaris.
666 2619 926 2662 Hexanclius
950 2621 1134 2674 griseus,
1166 2619 1457 2674 Heptanclius,
1483 2619 1797 2673 (enti-ephorus
1825 2632 1954 2674 squa-
